2752 4620
2211 266 2302 335 21

274 447 742 528 disputationem
762 453 999 527 queant
1036 450 1362 510 terminare
1401 449 1766 532 Allegorioe
1805 453 1861 514 0
1883 459 2125 536 pseusti
2143 492 2144 495 κ
2162 461 2205 520 i.
2249 482 2304 526 e.

120 572 125 577 ·
160 534 167 564 ¹
272 558 508 632 tempus
549 553 657 613 sub
696 551 833 631 lege
870 572 1058 634 perge
1094 553 1262 634 prior
1301 553 1440 631 quia
1479 555 1778 617 masculus
1819 577 1886 618 es
1927 561 2067 646 quia
2092 581 2301 642 quem-

267 655 591 716 admodum
643 655 941 716 masculus
1004 663 1098 718 est
1149 658 1386 736 dignior
1436 658 1661 720 femina
1707 662 1791 722 ita
1838 665 2078 742 tempus
2140 668 2324 745 quod?

271 757 387 819 fuit
425 759 535 820 sub
574 759 712 838 lege
751 759 986 839 dignius
1027 766 1158 822 erat
1194 767 1473 841 tempore
1511 764 1712 842 gracie
1727 834 1732 839 p
1748 765 1855 825 llla
1890 765 1932 825 i.
1964 785 2020 830 e.
2061 772 2297 850 tempus

264 863 470 943 gracie
506 864 747 942 equabit
777 864 974 924 studio
993 864 1037 929 i.
1066 884 1119 925 e.
1162 871 1448 944 sequetur
1485 867 1852 950 indulgendo
1887 874 1956 930 et
1981 869 2302 936 christiane

264 965 412 1026 fidei
462 966 795 1027 inherendo
848 972 1032 1029 tetra·
1082 988 1365 1030 numerus
1417 970 1690 1050 pitagore
1744 974 1821 1034 sit
1858 974 1921 1034 in
1957 981 2162 1037 vestro
2203 997 2298 1038 or-

264 1069 407 1130 dine
443 1070 485 1131 i.
517 1089 570 1129 e.
612 1070 760 1130 ordo
799 1077 1054 1149 quatuor
1093 1073 1592 1154 evangelistarum
1631 1077 1724 1137 vel
1766 1082 1953 1139 tetras
1991 1079 2034 1138 i.
2069 1100 2124 1140 e.
2152 1100 2297 1159 qua-

264 1179 404 1233 tuor
458 1173 710 1234 virtutes
767 1174 1098 1237 cardinales
1152 1177 1286 1257 Ego
1336 1181 1655 1256 prudentia
1693 1201 1878 1243 exoro
1918 1189 1987 1244 ut
2027 1183 2118 1244 sol
2158 1186 2199 1245 i.
2241 1207 2295 1248 e.

261 1276 520 1338 christus
561 1278 665 1355 qui
704 1283 803 1338 est
837 1297 1014 1340 verus
1053 1280 1147 1341 sol
1184 1281 1423 1342 iusticie
1482 1290 1697 1365 augeat
1734 1291 1972 1366 tempus
2013 1288 2049 1347 i.
2090 1307 2147 1348 e.
2187 1290 2296 1349 det

259 1381 433 1443 nobis
473 1380 810 1441 christiani·
867 1386 1105 1463 tempus
1154 1362 1528 1465 poenitentie
1582 1407 1659 1449 ne
1717 1390 1918 1451 subito
1967 1408 2293 1469 praeoccu-
2407 1462 2410 1465 Α

256 1487 382 1565 pati
416 1487 568 1546 hora
606 1483 818 1546 mortis
856 1487 1180 1550 moriamur
1218 1489 1282 1548 in
1318 1492 1605 1569 peccatis.

968 1586 1082 1648 ¹Ad
1118 1608 1174 1649 v.
1215 1593 1586 1658 309—312.

256 1691 375 1751 Hic
413 1691 680 1771 pseustis
719 1691 1010 1771 paulatim
1047 1692 1285 1755 videtur
1326 1699 1592 1760 converti
1629 1698 1708 1759 ad
1745 1699 1931 1761 fidem
1963 1700 2074 1774 sed
2099 1701 2291 1762 laten-

253 1800 352 1856 ter
391 1801 453 1855 et
493 1795 763 1857 obscuris
802 1794 1002 1856 verbis
1028 1802 1305 1859 ‘mentem
1347 1820 1518 1862 suam
1574 1802 1838 1863 insinuat
1876 1805 2085 1865 dicens
2125 1805 2292 1866 Proh

253 1896 426 1957 dolor
467 1915 756 1974 quaenam
796 1898 927 1959 dira
975 1900 1243 1963 voluntas
1285 1910 1560 1964 removet
1600 1906 1876 1968 celicolas
1916 1907 1959 1968 i.
1995 1927 2051 1971 e.
2089 1908 2289 1968 'celum

253 2001 519 2061 colentes
569 2001 716 2061 deos
800 2042 1220 2065 .....
1297 2025 1662 2085 paganorum
1717 2011 1947 2070 scilicet
2000 2011 2078 2070 ab
2116 2009 2286 2070 adiu-

160 2107 167 2111 ’
248 2105 408 2165 torio
456 2123 594 2164 meo
689 2147 1113 2168 .....
1212 2108 1390 2168 unde¹
1426 2116 1522 2171 est
1576 2113 1738 2189 quod
1789 2111 2082 2172 maximus
2137 2111 2287 2172 ordo

248 2209 501 2269 deorum
540 2207 889 2287 postposuit
925 2208 1060 2269 loca
1100 2210 1328 2279 sudiaci
1366 2211 1407 2269 i.
1446 2231 1502 2271 e.
1546 2214 1760 2274 circuli
1803 2215 1866 2274 in
1906 2235 2023 2295 quo
2063 2213 2145 2294 dij
2187 2215 2281 2291 pi·
2345 2214 2346 2217 ’

189 2342 195 2360 =
251 2315 333 2376 cti
369 2294 666 2374 habentur
703 2313 1043 2392 relinquunt
1083 2335 1189 2375 sua
1227 2316 1380 2380 locat
1418 2315 1793 2393 quasi'dicat
1830 2318 1952 2380 ubiv
1976 2323 2112 2379 sunt
2151 2329 2282 2378 mo-

247 2420 330 2478 do
386 2417 471 2497 dij
527 2417 637 2477 sub
695 2435 948 2495 quorum
999 2419 1254 2501 imperio
1307 2420 1603 2500 disputavi
1654 2420 1717 2480 in
1770 2422 1987 2501 quibus
2017 2441 2284 2502 semper
2349 2493 2354 2498 τ

247 2522 483 2601 speravi
509 2526 601 2581 ‘et
655 2521 706 2579 si
767 2520 951 2600 aliqui
991 2531 1129 2585 sunt
1169 2544 1354 2604 quare
1404 2544 1504 2585 me
1550 2543 1670 2585 non
1710 2525 2043 2586 defendunt
2080 2524 2290 2602 phach

244 2626 423 2686 video
473 2627 592 2686 iam
647 2644 855 2686 omnes
910 2628 995 2710 dij
1049 2628 1348 2689 dormiunt
1387 2628 1481 2688 vel
1519 2628 1799 2689 inebriati
1839 2636 1978 2689 sunt
2016 2646 2128 2705 per
2167 2644 2277 2707 po-

244 2739 373 2792 tum
430 2730 629 2791 lethes
670 2731 711 2790 i.
753 2750 807 2790 e.
848 2732 1161 2793 oblivionis
1199 2733 1397 2793 lethes
1441 2732 1602 2792 enim
1643 2750 1824 2812 grece
1863 2730 2083 2791 oblivio
2122 2730 2280 2790 valet

242 2834 455 2894 latine'
484 2831 629 2892 inde
676 2832 986 2914 lethergus
1026 2836 1069 2899 i.
1112 2856 1166 2895 e.
1206 2836 1531 2896 obliviosus
1570 2835 1711 2896 inde
1748 2834 2044 2913 lethergia
2084 2839 2146 2894 et
2184 2838 2310 2893 est

244 2936 488 2999 morbus
540 2936 851 2997 oblivionis
906 2938 1127 3014 Postea
1175 2940 1443 3018 pseustis
1482 2937 1757 2999 hortatur
1795 2937 1956 2999 diem
1998 2943 2065 3000 ut
2107 2935 2279 2997 cedat

243 3059 321 3101 ne
374 3039 649 3099 videatur
696 3039 771 3099 ab
823 3021 1045 3102 alathia
1098 3042 1295 3103 victus
1376 3086 1392 3101 .
1457 3086 1493 3101 ..
1577 3086 1593 3100 .
1611 3087 1642 3113 N
1679 3082 1696 3100 .
1789 3042 1873 3103 Et
1925 3042 2118 3130 utitur·
2170 3056 2273 3099 co-

240 3145 373 3205 lore
402 3142 532 3222 'qui
584 3142 805 3203 dicitur
842 3146 1147 3226 repeticio,
1173 3145 1267 3207 vel
1307 3146 1698 3226 conduplacio
1736 3152 1988 3225 propter
2024 3142 2271 3203 nimium

241 3247 525 3309 affectum
568 3246 727 3325 ,quia
763 3248 928 3328 virgo
969 3248 1096 3312 scil.
1138 3250 1358 3310 alathia
1398 3248 1593 3309 nescit
1630 3248 1850 3309 cedere
1890 3247 2019 3310 scil.
2060 3267 2096 3307 a
2138 3268 2269 3309 cer-

237 3353 460 3414 tamine
508 3350 655 3429 quin
703 3349 872 3430 prius
929 3369 1028 3411 me
1081 3352 1274 3413 vincat
1336 3352 1421 3412 Et
1458 3353 1585 3414 vult
1622 3355 1878 3432 probare
1915 3351 2178 3434 pseustis
2216 3348 2270 3412 si

237 3473 358 3517 non
396 3457 560 3514 esset
596 3454 910 3514 diversitas
951 3455 1196 3516 deorum
1239 3475 1348 3517 seu
1401 3456 1607 3538 plures
1646 3457 1733 3538 dij
1772 3461 1913 3517 tunc
1951 3456 2119 3517 locus
2158 3454 2265 3515 de-

239 3576 414 3621 orum
466 3557 509 3618 i.
548 3576 605 3618 e.
657 3549 960 3637 signorum
1010 3577 1134 3636 ‚que
1183 3560 1352 3642 signa
1405 3581 1442 3622 a
1479 3562 1723 3641 paganis
1761 3579 1873 3641 pro
1918 3560 2037 3639 dijs
2077 3560 2266 3621 habe-

237 3664 453 3723 bantur
491 3667 656 3722 esset
691 3662 919 3723 frustra
958 3667 1021 3723 et
1055 3663 1403 3746 irregularis
1464 3665 1802 3728 Moraliter
1851 3663 1969 3740 Qui
2005 3662 2267 3724 fabulam

236 3770 434 3827 narrat
494 3763 683 3826 nichil
721 3766 1003 3846 impetrat
1039 3774 1110 3830 ut
1148 3769 1227 3829 de
1265 3771 1574 3851 rescriptis
1655 3812 1983 3833 .....
2065 3767 2268 3829 Etiam

234 3869 341 3949 qui
392 3865 581 3929 falsos
633 3868 907 3932 invocant
954 3872 1100 3934 deos
1151 3874 1531 3955 decipiuntur
1557 3872 1945 3953 ,Allegorice
1977 3868 2267 3952 ‘pseustis

174 4030 185 4047 ,
236 3979 334 4034 est
372 3964 631 4053 populus
669 3975 851 4035 israel
892 3976 993 4053 qui
1034 3995 1169 4038 cum
1207 3979 1502 4039 invocavit
1539 3977 1686 4038 deos
1711 3976 1937 4044 alienos
1968 3976 2084 4038 deo
2118 3973 2293 4050 deus,

234 4075 531 4139 ulcionem
570 4078 628 4138 in
672 4097 805 4148 eum
848 4078 1075 4143 dimisit
1112 4099 1321 4159 moyse
1361 4083 1658 4145 existente
1694 4082 1754 4143 in
1787 4087 1988 4144 monte
2028 4073 2271 4159 synay-1
