2752 4620
288 428 452 506 „iste
494 425 740 491 OE'itulus
774 425 1198 511 imitquod
1228 422 1618 489 -Uteodolm'-
1640 423 1724 487 sit
1761 442 1989 488 nomen
2014 425 2328 488 auum.

286 577 332 611 „
344 531 406 596 V
397 532 458 594 cl
474 566 481 587 s
510 531 797 594 dicatur>
817 533 929 597 sic.
987 531 1225 615 Incipit
1287 529 1663 606 sseodolus',
1730 538 1803 592 ut
1849 529 2199 592 Tlteodolus
2244 530 2331 592 sit

238 691 243 701 .
287 655 559 712 „nomen
595 628 785 699 huius
823 636 1091 718 aegloge
1104 658 1129 697 .·
1183 637 1349 697 sicut
1393 635 1708 697 eunuchus
1747 654 1974 697 nomen
2009 639 2200 698 unius
2231 653 2333 697 co·-

288 738 619 816 „moediac
633 762 658 801 .·
716 742 882 803 sicut
925 743 1119 803 etiam
1156 739 1490 821 tragoedie
1509 768 1516 775 ·
1519 741 1801 823 propriis
1839 741 2190 802 nominihus
2207 744 2334 801 'no-

286 846 654 919 „minantur
669 866 694 906 .·
745 828 910 908 sicut
952 847 1148 907 etiam
1169 846 1539 906 intitulatur
1577 844 1893 928 quaelibet
1934 846 2160 927 egloga
2197 843 2337 907 Vir-

287 950 495 1030 „giliia
590 949 867 1012 Dicitur·
892 958 1108 1013 autem
1153 949 1507 1011 Theodulus
1532 969 1575 1010 a
1615 948 1791 1010 theos
1817 948 1996 1031 quod
2020 952 2113 1010 est
2138 950 2338 1027 Deus,

289 1059 401 1129 „et
424 1051 622 1115 dolus
642 1053 834 1129 dola}
891 1057 1045 1138 quia
1085 1057 1157 1117 in
1193 1054 1316 1116 hoc
1356 1054 1642 1135 aegloga'
1672 1055 1902 1134 agitur*
1928 1053 2009 1114 de
2045 1055 2340 1130 veritate,

291 1170 500 1240 „quoe
539 1165 632 1220 est
673 1161 938 1242 ipsemet
975 1159 1154 1221 Deus
1170 1180 1199 1219 .-
1239 1158 1417 1221 Deus
1458 1165 1572 1218 est·
1585 1157 1804 1239 prima
1844 1159 2102 1218 veritas.
2153 1162 2244 1218 et
2257 1156 2341 1219 de

292 1261 565 1337 „dolosi
592 1265 919 1344 falsitate.
997 1265 1096 1327 Et
1116 1270 1121 1273 '
1129 1283 1253 1346 pro
1293 1263 1514 1324 latiori
1551 1261 1985 1324 declaratione
2021 1260 2345 1325 sciendum

293 1375 435 1443 „est
451 1414 470 1445 ‚
511 1367 679 1450 quod
720 1369 993 1450 aegloga
1034 1368 1293 1430 dicitur·
1314 1388 1449 1429 esse
1485 1386 1656 1428 vana
1696 1365 2035 1448 descriptio
2077 1366 2345 1427 buccoli-

296 1490 592 1548 „corume
646 1478 855 1534 ut‘est
894 1475 1174 1534 materia
1211 1473 1503 1548 humilis,
1546 1480 1749 1532 mores
1769 1469 2156 1553 praedicans
2169 1474 2194 1547 ‚'
2221 1474 2346 1552 per

296 1576 869 1654 „introductionem
924 1578 1307 1639 rusticarum
1352 1595 1806 1659 personarum,
1880 1582 1954 1636 ut
1998 1583 2358 1657 pastorum,-

296 1686 405 1755 „et
444 1678 678 1741 dicitur
720 1680 800 1741 ab
840 1682 980 1763 egle
1000 1683 1170 1760 (sic),
1212 1680 1379 1764 quod
1419 1688 1512 1742 est
1552 1696 1751 1763 capra
1769 1702 1794 1742 .-
1838 1685 1904 1740 et
1929 1680 2101 1761 lo'gos
2126 1688 2350 1757 sermo,

297 1785 526 1864 „qumi
560 1805 763 1846 sermo
804 1789 1103 1869 caprinus
1144 1789 1190 1851 i.
1232 1787 1486 1847 humilis
1504 1806 1528 1846 .·
1601 1786 1706 1847 vel
1744 1786 1914 1867 quia⁷
1935 1804 1976 1845 a
1996 1784 2242 1866 capris
2279 1788 2349 1844 'et

299 1889 576 1963 „talibus
637 1891 956 1950 ruralibus
1022 1891 1515 1972 possessionibus
1577 1890 1730 1950 talis
1797 1890 2001 1948 sermo
2057 1889 2348 1951 sumitur.

297 1993 671 2068 „Auctorem
700 1992 1001 2073 Eclogae
1019 2038 1038 2069 ‚
1091 1995 1359 2074 quisquis
1399 1993 1505 2054 ille
1545 1993 1789 2054 demum
1829 1991 2044 2069 fuerit,
2086 1991 2163 2051 ad
2199 2001 2352 2071 po'e·

298 2102 436 2172 „tas
494 2096 697 2157 Seculi
748 2096 809 2158 X
846 2098 1233 2162 referendum
1293 2117 1462 2172 esse,
1546 2117 1681 2157 cum
1736 2096 1934 2158 caveo
1975 2101 2038 2156 et
2072 2096 2354 2158 Fabricio

301 2200 407 2276 „in
443 2201 602 2260 notis
642 2200 720 2259 ad
760 2200 1060 2261 Trithem.
1103 2201 1146 2262 l.
1189 2221 1244 2262 c.
1297 2203 1440 2261 ideo
1480 2201 1781 2260 existimat
1829 2200 2134 2280 Leyserus
2189 2202 2231 2264 l.
2257 2202 2355 2277 'c.‚

301 2305 509 2385 „quod
550 2304 920 2366 hexametris
960 2305 1320 2386 rhythmicis
1364 2304 1489 2366 sive
1527 2303 1781 2365 leoninis
1823 2303 2040 2384 ecloga
2089 2305 2174 2364 sit
2213 2322 2356 2367 con-

305 2411 575 2491 „scripta
585 2409 676 2487 h).
756 2411 853 2471 Ad
895 2408 1167 2470 seculum
1206 2406 1290 2470 vl
1331 2414 1533 2470 autem
1572 2407 1928 2469 Theodulus
1978 2409 2206 2469 relatus
2242 2408 2359 2470 fuit

304 2516 420 2590 „ab
462 2514 613 2576 Olao
636 2513 957 2576 Borrichio
978 2512 1140 2576 Diss.
1169 2512 1242 2576 ΙΙ.
1286 2512 1365 2572 de
1391 2513 1594 2593 poetis
1624 2509 1801 2573 latini
1820 2532 1883 2592 p.
1925 2515 2023 2573 81.
2104 2512 2357 2573 lochos-⁹

306 2625 448 2693 „tur
475 2620 711 2700 'ecloga
748 2620 863 2679 hac
903 2619 1168 2686 ratione:
1238 2617 1627 2699 Aethiopum
1677 2624 1889 2678 terras
1937 2623 2076 2678 etc.'
2137 2615 2360 2678 Perso-

309 2740 468 2799 „nae
508 2719 915 2802 colloquentes
955 2726 1093 2782 sunt
1131 2720 1439 2797 Pssumis,
1480 2722 1703 2782 Alithia
1721 2766 1739 2797 ‚
1794 2719 2121 2782 Pliron'esis
2147 2718 2266 2797 ἱ).“
2347 2767 2352 2773 .

466 2825 687 2904 „Quod
739 2828 819 2886 ad
871 2827 1383 2887 commentarium
1440 2826 1698 2902 adtinet,
1765 2825 1933 2884 illum
1989 2826 2062 2883 ab
2115 2822 2358 2884 homine

310 2931 606 3005 „barbaro
622 2975 642 3007 .‚
717 2929 822 3010 qui
877 2929 1071 3010 prima
1125 2930 1551 3008 grammaticae
1602 2929 1937 3012 neglexerit
1999 2927 2354 3003 rudimenta,

449 3203 551 3258 cit=
600 3204 922 3269 „Paradiws
954 3209 1104 3258 ortus
1136 3203 1482 3269 deliciarum,
1534 3203 1655 3258 ideo
1690 3204 1886 3257 dicitur
1918 3203 2062 3273 liber
2091 3200 2358 3273 Paradisi,

446 3289 575 3358 qnia
606 3290 672 3342 de
703 3289 948 3345 fidelibus
980 3290 1218 3358 loquitur
1236 3328 1252 3355 ‚
1304 3289 1398 3358 qui
1431 3293 1554 3342 sunt
1587 3293 1735 3342 ortus
1770 3289 2136 3344 deliciarum.'’
2188 3291 2252 3343 B.

344 3376 413 3444 h)
446 3375 695 3429 Schwab.
741 3375 1039 3441 contendit,
1093 3375 1440 3429 Theodnlum
1485 3375 1734 3429 floruisse
1783 3377 1928 3429 circa
1960 3390 2158 3427 annum
2183 3372 2360 3439 ·980.;

448 3460 570 3512 vide
615 3466 667 3513 et
697 3459 1013 3513 Fabricium
1056 3460 1113 3512 in
1146 3463 1211 3514 B.
1245 3462 1306 3514 L.
1342 3462 1456 3516 Vol.
1493 3461 1581 3515 VI.
1615 3480 1664 3530 p.
1698 3460 1818 3516 653.
1888 3460 2034 3513 Cave
2079 3459 2118 3511 l.
2153 3474 2201 3513 c.
2237 3475 2360 3511 enm

452 3546 737 3609 „incer-tae.
773 3545 996 3600 aetatis’'
1043 3546 1355 3614 scriptorem
1418 3547 1684 3615 appellat,
1745 3547 1838 3601 sed
1891 3551 2096 3613 tamen,
2155 3549 2217 3597 ut
2266 3543 2366 3597 alii

452 3630 732 3697 scriptores
766 3632 1072 3685 litteratam
1112 3631 1489 3697 ecclesiastici,
1525 3633 1602 3685 ad·
1623 3648 1823 3686 annum
1847 3628 1952 3684 980
1978 3632 2156 3684 refert.
2181 3629 2364 3683 'Hunc

439 3715 696 3781 -scqnitur
728 3716 971 3769 Oudiuus
1004 3716 1043 3768 l.
1079 3716 1167 3769 cit.
1205 3717 1270 3770 B.
1774 3759 1778 3764 .

362 3800 412 3866 ἰ)
438 3799 753 3853 Alexander
785 3802 866 3854 de·
884 3801 979 3855 Sto
1002 3802 1235 3855 -Albano
1268 3800 1431 3854 dicit:
1494 3802 1731 3867 „Auctor
1771 3800 1876 3853 iste
1908 3799 2076 3853 utitur
2109 3799 2167 3851 in
2205 3812 2364 3865 opus-

454 3885 580 3937 culo
613 3900 711 3938 sno
745 3886 917 3941 tribus
951 3886 1107 3957 stylis
1121 3922 1140 3952 ,
1188 3891 1244 3939 et
1275 3891 1384 3939 tre's
1429 3901 1681 3953 personas
1726 3883 1948 3942 inducit·
1972 3882 2173 3955 triplici
2205 3882 2362 3952 stylo,

461 3968 578 4022 sive
608 3976 926 4041 argumento
941 4010 957 4039 ,
1008 3972 1191 4027 fabula
1224 3974 1277 4025 et
1306 3967 1615 4026 historiast?
