2752 4620
425 269 525 336 3⁰

424 463 789 527 substiterat
817 461 1027 523 fluvius
1041 506 1059 535 ,
1101 466 1267 523 tanta
1286 461 1604 523 dulcedine
1636 469 1863 542 captus,

424 559 830 623 Auscultando
862 559 1033 637 quasi
1063 558 1423 619 modulantis
1454 560 1713 620 carmina
1737 558 1949 640 plectri
1964 579 1984 618 ε

422 658 681 738 Ipseque
711 655 1014 716 balantum
1038 673 1184 735 grex
1204 655 1572 715 obliviscitur
1605 674 1797 719 esum.

422 752 559 814 Non
586 752 803 812 tulerat
829 750 1102 810 Pseustis
1119 796 1139 827 ,
1180 751 1324 825 sed,
1366 758 1563 813 motus
1590 751 1740 812 felle
1771 751 2015 824 doloris,
2074 784 2082 793 ·

349 865 353 869 ·
421 848 674 909 Litteris
704 847 951 908 alterius
977 847 1306 926 proclamat
1332 849 1406 908 ab
1433 856 1653 929 aggere
1682 852 1850 910 tutus
1867 868 1887 906 t

2367 848 2441 903 15

423 943 549 1005 Gur
574 944 798 1005 Alithia
824 943 986 1004 canis
1009 944 1191 1004 rebus
1224 944 1577 1005 stultissima
1606 943 1835 1004 mutis?

424 1042 491 1104 Si
519 1042 711 1114 iuvat,
752 1046 820 1099 ut
850 1040 1080 1114 vinca,
1122 1059 1358 1099 meeum
1386 1046 1616 1100 certare
1643 1044 1939 1118 potestas.

422 1136 649 1199 Fistula
678 1142 881 1196 nostra
897 1140 1098 1209 tuum,
1142 1137 1195 1196 si
1220 1136 1454 1210 vineas,
1494 1135 1672 1195 cedet
1695 1136 1759 1194 in
1781 1152 1990 1194 usum:

421 1231 602 1295 Victa
633 1231 800 1292 dabis
833 1232 1156 1305 eitharam3
1197 1232 1393 1310 legem
1427 1249 1703 1291 coeamus
1726 1232 1788 1291 in
1816 1250 2081 1308 aequam.

419 1327 526 1388 llla
553 1328 775 1388 refert:
817 1327 948 1388 Nee
974 1328 1133 1387 dicta
1154 1334 1428 1402 movent,

1467 1346 1580 1388 nec
1611 1329 1875 1407 praemia
1899 1325 2163 1411 mulcent
2365 1329 2443 1386 20

421 1424 529 1485 Me
560 1430 664 1485 tua
690 1444 846 1485 mmc
877 1425 1028 1486 adeo
1044 1468 1064 1499 ‚
1107 1425 1242 1503 quia
1267 1424 1512 1483 vulnere
1540 1423 1823 1484 mordeor
1845 1441 1990 1482 uno:

422 1521 557 1597 Quo
589 1514 950 1598 res⁸cunque
974 1519 1161 1594 cadit,
1201 1520 1320 1580 nisi
1353 1520 1530 1578 testis
1554 1519 1801 1579 sedulus
1832 1516 2007 1591 adsit,

421 1615 489 1676 Si
516 1616 711 1677 victus
745 1614 968 1691 fueris,
996 1632 1131 1676 *non
1160 1634 1260 1676 me
1283 1615 1500 1674 vicisse
1530 1615 1761 1675 fateris,
1863 1644 1866 1647 ·

422 1712 546 1772 Sed
574 1712 709 1795 quia
736 1713 956 1798 mutari
984 1714 1179 1788 nescit
1207 1713 1499 1772 sententia
1527 1713 1669 1785 veri,

418 1807 514 1869 En
544 1807 839 1886 adaquare
864 1828 1142 1889 gregem,
1185 1807 1362 1867 simul
1393 1813 1457 1868 et
1485 1808 1754 1868 relevare
1778 1806 2040 1867 calorem

418 1902 642 1965 Nostra
662 1906 823 1965 venit
849 1903 1204 1964 Phrenesis:
1248 1906 1459 1966 sedeat
1482 1924 1595 1985 pro
1621 1905 1825 1964 iudice
1850 1904 2040 1966 nobis.

419 1991 687 2060 Pseustis
713 2003 790 2061 ad
814 2000 995 2061 haec:
1049 2000 1248 2063 Video
1267 2048 1284 2077 ‚
1327 2003 1490 2080 quod
1517 2021 1648 2061 eam
1680 2019 1811 2061 sors
1840 1999 2057 2061 obtulit
2092 2000 2279 2058 ultro:

419 2095 558 2156 Huc
582 2096 758 2170 ades,
800 2115 836 2155 o
861 2095 1189 2157 Phronesi:
1230 2116 1368 2158 nam
1401 2095 1631 2158 sufficit
1652 2097 1802 2157 hora
1824 2097 1968 2170 diei,

489 2257 538 2291 v.
555 2240 642 2292 11.
683 2233 1017 2309 Substiterat]
1048 2241 1109 2294 In
1133 2243 1255 2295 Par.
1277 2262 1315 2295 a
1337 2248 1390 2294 et

419 2329 450 2376 γ
481 2309 652 2362 metit.
678 2321 758 2347 '—
805 2326 858 2362 v·
884 2307 968 2362 12.
1011 2310 1386 2378 Auscultando]

300 2391 307 2398 ··
417 2379 540 2430 Par.
568 2378 733 2445 αβεο
769 2383 822 2427 et
846 2396 879 2429 v
905 2380 1090 2430 ascult.
1123 2407 1187 2417 -
1234 2379 1385 2431 v.13.
1424 2434 1431 2443 ‚

418 2444 706 2509 balantum]
755 2445 933 2496 Marh.
981 2447 1287 2497 bellantum.
1318 2473 1386 2484 -·

418 2529 469 2564 v.
504 2509 590 2562 14.
630 2511 750 2561 Non
787 2512 1005 2579 tulerat]
1055 2513 1217 2574 Edit„
1247 2513 1386 2564 Gol-

417 2579 585 2632 dastiz
620 2596 727 2630 non
757 2579 881 2630 tulit
898 2580 1127 2631 haec.—
1161 2580 1380 2650 doloris]

417 2647 480 2700 In
496 2646 689 2699 Codice
706 2648 782 2698 M.
802 2646 1001 2713 pariter
1027 2664 1091 2701 ac
1106 2648 1251 2701 editt.
1267 2650 1384 2701 Col.

419 2715 624 2783 etLips.
654 2715 913 2767 draconis,
931 2745 998 2757 —
1026 2717 1183 2785 felle]
1206 2718 1383 2770 Marb.

418 2785 566 2836 velle.
586 2807 669 2822 ·-—
743 2802 793 2835 v.
841 2783 924 2836 16.
991 2786 1165 2837 Rebus
1200 2786 1381 2852 matis]

417 2858 669 2918 tanquam
728 2852 993 2919 scopulis,
1069 2854 1385 2917 arboribns3

418 2921 556 2973 mihi
601 2919 804 2988 potine,
850 2920 1057 2987 inquit,
1100 2939 1260 2987 cane,
1294 2922 1389 2990 qui

418 2988 636 3050 audire,
679 2986 772 3053 qui
797 2990 1115 3053 respondere
1152 3007 1387 3055 possum.

417 3082 490 3097 —
541 3074 587 3108 v.
615 3056 699 3107 17.
745 3056 958 3122 mecum]
993 3058 1076 3108 Ita
1106 3057 1228 3108 Par.
1262 3059 1389 3126 βγο

419 3129 473 3176 et
510 3141 545 3176 v
560 3161 573 3183 ,
632 3123 828 3178 caeteri
855 3140 1048 3175 mecum
1089 3131 1193 3186 est,
1247 3124 1389 3192 quod

417 3191 662 3245 Schwab.
675 3194 730 3244 in
747 3197 891 3243 textu
905 3192 1212 3246 retinuit.—
1234 3210 1285 3245 v.
1300 3190 1387 3244 18.

416 3260 465 3312 si
496 3258 709 3322 vincas,
763 3261 928 3326 cedet]
977 3262 1103 3314 Par.
1129 3262 1165 3331 β
1191 3262 1239 3313 εἰ
1265 3262 1392 3313 vin-

418 3343 502 3380 ces
520 3328 680 3382 cedet.
715 3328 844 3379 eod.
877 3327 955 3379 Μ.
993 3332 1041 3380 si
1065 3331 1263 3393 vincas,
1301 3347 1392 3382 ce-

418 3397 528 3448 dat.
582 3396 828 3449 Schwab.
891 3396 1060 3459 cedet,
1110 3398 1157 3448 si
1190 3399 1389 3463 υἱποὶες

407 3461 493 3516 'ita
515 3463 677 3515 etiam
703 3466 825 3517 Par.
854 3481 896 3517 ε.
950 3465 1118 3516 Cedat
1143 3465 1192 3516 si
1222 3467 1392 3517 vincis

414 3532 591 3584 habet
620 3534 740 3584 Par.
774 3551 822 3600 γ.
859 3561 927 3573 --
975 3539 1160 3584 nostra
1197 3572 1210 3586 .
1243 3571 1256 3584 .
1303 3551 1391 3586 ce-

416 3598 528 3667 det]
549 3600 855 3653 Man-bsmea
872 3640 885 3654 .
911 3638 923 3651 .
946 3601 1111 3653 cedat.
1130 3630 1198 3640 —-
1229 3618 1279 3652 v.
1299 3602 1394 3658 19..

415 3669 667 3735 coeamus]
716 3670 837 3720 Par.
886 3689 923 3723 α
932 3669 1006 3740 βε
1045 3673 1155 3721 eto
1191 3670 1386 3721 calzca-

414 3751 540 3800 πως,
593 3737 722 3789 Cod.
758 3738 1036 3790 Guelferb.
1062 3743 1117 3788 et
1134 3736 1394 3789 Schwub.¹

414 3806 690 3859 calcamus·
712 3835 776 3846 —-
812 3804 1047 3875 aequam]
1085 3806 1170 3858 lta
1199 3821 1385 3856 omnes

413 3879 622 3941 praeter
662 3872 975 3927 Goldastum
994 3913 1010 3939 ,
1038 3874 1155 3941 -qui
1179 3874 1383 3925 vult-u-

411 3958 550 3995 nam.
586 3970 653 3980 —-
713 3959 762 3994 v,
785 3941 869 3992 20.
904 3942 1132 4010 movent]
1184 3941 1307 3994 Par.
1346 3943 1398 4011 β’

411 4017 631 4064 monent.
667 4036 738 4050 —
791 4026 840 4061 v.
865 4008 952 4062 21.
998 4010 1155 4080 auno]
1194 4010 1314 4063 Par.
1346 4011 1383 4081 β

409 4092 546 4140 nom·
588 4096 622 4145 γ
650 4077 760 4132 sed.
807 4105 869 4115 -
931 4077 1077 4147 quia]
1122 4079 1240 4132 Par.
1276 4079 1313 4148 β
1347 4094 1382 4132 a

1467 2237 2446 2376 afarzassuffizxffwzxsssssseffz‘f

1468 2379 1586 2443 uno]
1625 2379 1756 2430 Pura
1770 2379 1805 2447 β
1830 2394 1862 2428 a
1880 2393 1956 2444 pr·
1977 2390 2048 2428 m.
2072 2376 2198 2426 ullo.
2221 2376 2347 2427 cod.
2363 2378 2442 2427 Μ.

1466 2462 1589 2496 ana.
1625 2472 1692 2481 —
1735 2463 1783 2495 v.
1798 2444 1883 2496 22.
1923 2443 2089 2511 cadit]
2119 2444 2246 2494 eod.
2277 2444 2443 2496 Guel-

1466 2514 1599 2565 ferh.
1649 2514 1821 2565 cadat.
1862 2542 1932 2555 —-
1997 2513 2100 2563 nisi
2135 2512 2303 2579 testis]
2346 2513 2443 2566 -Ita

1463 2598 1644 2633 omnes
1679 2582 1841 2634 Godd.
1870 2584 1992 2633 Par.
2027 2586 2080 2631 et
2104 2579 2235 2630 eod.
2266 2581 2343 2632 M.
2385 2580 2442 2632 in

1463 2665 1567 2717 quo
1586 2665 1770 2716 versus
1800 2649 1884 2701 23.
1918 2647 2250 2716 praecedenti
2274 2655 2446 2701 exstat

1463 2717 1623 2784 prior.
1646 2718 1822 2769 Marb.
1854 2736 1951 2786 quo
1973 2735 2057 2770 res
2080 2734 2271 2784 cunque
2297 2717 2444 2778 dabit

1468 2826 1479 2836 .
1512 2825 1520 2833 .
1555 2825 1568 2838 .
1599 2822 1612 2837 .
1636 2788 1784 2838 assit.
1812 2788 2060 2840 Schwab.
2097 2786 2247 2837 testis
2273 2785 2343 2833 πί.
2372 2809 2433 2820 —-—
2523 2793 2536 2804 κ

1466 2871 1516 2905 v.
1554 2853 1641 2907 23.
1709 2873 1812 2907 non
1852 2857 1952 2922 me]
2003 2853 2167 2906 Editt.
2208 2851 2349 2918 Lips.
2387 2859 2442 2903 et

1467 2924 1581 2975 Ool.
1615 2939 1696 2974 me
1732 2942 1851 2976 non.
1885 2951 1953 2961 —
2002 2940 2053 2975 v.
2080 2920 2165 2973 25.
2204 2920 2439 2988 adaqua-

1465 2992 1545 3058 re]
1574 2992 1750 3043 Marb.
1777 2993 2047 3058 adequare.
2069 3018 2136 3029 -—
2183 2987 2441 3039 Infinitivi

1467 3074 1663 3124 graeco
1701 3075 1803 3109 usu
1843 3074 1949 3125 pru
1984 3056 2218 3124 supinis,
2273 3074 2437 3124 aqua-

1468 3132 1592 3187 tum,
1626 3126 1927 3177 relevatum.
1952 3154 2017 3164 —
2066 3142 2118 3178 v.
2145 3124 2248 3178 26.’
2273 3127 2439 3177 Plero-

1467 3192 2104 3330 23⁸²1331223³233dfr1853⁸5222
2119 3222 2236 3315 ἶ...
2268 3192 2435 3311 ’ὰιῖἔέ

1469 3346 1559 3381 sae
1606 3329 1663 3381 in
1717 3332 1847 3384 Cod.
1898 3332 2173 3383 Guelferb.
2213 3333 2268 3379 et
2311 3328 2448 3379 Par:
2537 3349 2541 3354 ’

1469 3416 1527 3463 α,
1558 3398 1796 3451 Goldast.
1825 3406 1879 3453 et
1895 3399 2140 3452 Schwab.
2166 3396 2261 3446 ait.
2302 3395 2433 3447 eod.
2477 3436 2481 3439 ⁴

1467 3467 1592 3518 Par.
1616 3466 1782 3521 8259:
1819 3470 1898 3520 ait
1912 3470 2054 3520 haec.
2072 3493 2139 3503 --
2170 3480 2284 3515 eam
2301 3464 2436 3531 sors]

1467 3535 1644 3588 Marb.
1672 3554 1785 3588 sors
1812 3553 1941 3588 eam.
1966 3562 2035 3573 —
2097 3532 2307 3598 obtulit]
2342 3532 2438 3586 sio·

1468 3603 1630 3656 etiam
1670 3601 2078 3656 commentarius
2117 3600 2173 3651 in
2212 3601 2335 3653 Par.
2379 3617 2444 3654 oe.·

1464 3671 1528 3723 In
1558 3677 1703 3724 textu
1728 3679 1808 3723 est
1830 3671 2035 3732 detulit,
2070 3669 2210 3736 quod
2234 3670 2441 3721 habeut

1464 3740 1701 3793 Goldast.
1765 3745 1819 3790 et
1861 3738 1987 3790 edit.
2023 3738 2191 3792 Lond.
2236 3740 2362 3790 Par.
2398 3754 2433 3788 ν

1462 3806 1632 3860 habet
1667 3807 1878 3874 apmlit.
1921 3837 1990 3847 —
2058 3826 2111 3860 v.
2137 3807 2223 3859 28.
2282 3804 2431 3871 ades]

1460 3877 1641 3928 Marb.
1671 3875 1851 3927 addes.
1878 3906 1947 3917 —
1982 3878 2133 3928 Hora
2155 3872 2281 3937 diei,
2316 3888 2432 3925 me-

1459 3943 1639 4008 ridies,
1666 3960 1825 4010 quem
1852 3945 2079 4013 requieti
2102 3945 2229 3995 dant
2254 3946 2431 4009 pasto·

1460 4028 1560 4065 res.
1606 4012 1771 4065 Multi
1790 4014 1858 4067 de
1876 4015 1982 4069 hae
2005 4030 2066 4066 re
2087 4011 2194 4066 loci
2219 4009 2278 4063 in
2305 4025 2430 4081 poe-

1460 4079 1529 4133 tis
1552 4081 1829 4135 bucolicis.
