2752 4620
425 269 525 336 3⁰

424 458 789 528 substiterat
815 461 1027 523 fluvius
1041 505 1059 534 ,
1099 465 1266 522 tanta
1287 460 1604 522 dulcedine
1636 466 1863 541 eaptus,

422 559 831 623 Auscultando
863 559 1033 636 quasi
1063 557 1422 633 modulantis
1454 558 1713 618 earmina
1736 557 1949 639 plectri
1964 577 1984 616 ε

422 658 680 738 Ipseque
712 655 1016 715 balantum
1040 673 1184 733 grex
1204 654 1573 714 obliviscitur
1605 672 1797 717 esum.

422 753 560 815 Non
587 752 803 812 tulerat
827 749 1102 810 Paeustis
1120 795 1140 826 ,
1181 750 1324 824 sed,
1346 757 1563 811 ‘motus
1591 750 1741 810 felle
1771 749 2015 823 doloriS,
2074 781 2083 791 ·

349 864 354 871 ·
421 849 674 911 Litteris
704 846 951 907 alterius
976 846 1306 925 proclamat
1333 847 1406 908 ab
1433 854 1654 927 aggere
1683 851 1851 907 tutus
1869 867 1887 904 ε

425 945 550 1005 Cur
575 944 798 1005 Alithia
824 943 987 1003 canis
1010 943 1192 1004 rebus
1224 943 1579 1004 stultissima
1607 943 1835 1002 mutis?

424 1043 492 1104 Si
520 1042 711 1115 iuvat,
752 1046 821 1100 ut
850 1041 1081 1114 vincae,
1122 1058 1359 1099 meeum
1387 1045 1617 1099 certare
1644 1043 1939 1117 potestas.

423 1138 649 1199 Fistula
679 1140 1099 1209 nostratuum,
1143 1137 1196 1195 si
1221 1134 1421 1195 vineas
1437 1181 1455 1210 ‚

422 1232 603 1296 Victa
635 1232 802 1292 dabis
834 1232 1157 1305 citharam3
1198 1232 1393 1309 legem
1427 1248 1704 1290 coeamus
1726 1230 1789 1290 in
1817 1248 2082 1306 aequam.

420 1328 526 1389 Illa
554 1328 776 1388 refert:
818 1327 949 1387 Nec
975 1328 1134 1387 dicta
1155 1333 1429 1402 movent,

422 1425 530 1486 Me
561 1430 665 1485 tua
691 1444 847 1484 mme
877 1425 1029 1485 adeo
1045 1468 1065 1499 ‚
1108 1424 1244 1502 quia
1266 1422 1513 1499 vulnere
1541 1422 1824 1483 mordeor
1846 1438 1991 1480 uno:

423 1522 558 1598 Quo
591 1518 951 1599 res'cunque
976 1519 1162 1594 eadit,
1202 1520 1320 1580 nisi
1354 1520 1531 1579 testis
1556 1518 1802 1578 sedulus
1833 1514 2008 1589 adsit,

423 1617 490 1677 Si
518 1617 712 1678 victus
747 1615 935 1676 fueris
953 1662 970 1692 ‚
998 1634 1132 1677 non
1161 1634 1261 1676 me
1284 1615 1501 1675 vicisse
1531 1615 1762 1675 fateriS.
1863 1642 1868 1647 ⁴

423 1713 548 1774 Sed
576 1715 711 1795 quia
738 1714 957 1799 mutari
986 1713 1180 1789 nescit
1209 1713 1501 1772 sententia
1529 1713 1671 1784 veri,

420 1808 516 1870 En
546 1808 841 1886 adaquare
866 1829 1110 1890 gregem
1125 1854 1144 1883 ‚
1186 1808 1364 1867 simul
1398 1812 1460 1868 et
1486 1808 1755 1868 relevare
1780 1806 2041 1866 calorem

2366 845 2441 900 15

1494 1134 1671 1194 cedet
1697 1134 1760 1193 in
1782 1151 1990 1192 usum:

1469 1345 1581 1386 nec
1612 1327 1876 1406 praemia
1900 1323 2164 1409 mulcent
2366 1327 2445 1384 ⁶20

2368 1808 2442 1864 25

420 1903 644 1997 Nostra
662 1907 826 1965 venit
850 1904 1206 1965 Phrenesis:
1250 1907 1460 1966 sedeat
1484 1923 1597 1984 pro
1623 1903 1826 1963 iudice
1852 1903 2042 1964 nobis·

421 1999 690 2060 Pseustis
715 2001 792 2062 ad
815 2002 997 2060 haec:
1051 2000 1249 2063 Video
1268 2049 1287 2077 ,
1329 2002 1491 2079 quod
1519 2020 1650 2060 eam
1681 2018 1813 2060 sors
1842 1998 2059 2059 obtulit
2094 1998 2282 2056 ultro:

421 2096 561 2156 Huc
584 2095 726 2156 ades
741 2141 760 2170 ‚
803 2116 838 2156 ο
864 2095 1191 2156 Phronesi:
1233 2116 1370 2158 nam
1403 2094 1632 2158 suffieit
1653 2096 1803 2156 hora
1827 2095 1971 2169 diei,-

491 2258 540 2292 ν.
558 2240 644 2293 11.
685 2234 1020 2308 Βυῠέΐίΐεναι]
1051 2241 1112 2293 In
1135 2242 1257 2294 Par.
1279 2261 1317 2294 α
1339 2247 1392 2293 et

421 2330 452 2377 γ
483 2309 654 2362 mestit.
691 2338 761 2347 —
808 2326 860 2360 v,
887 2307 971 2361 12.
1014 2309 1388 2377 Auscultando]

302 2392 309 2400 “
419 2380 542 2431 Par.
571 2378 736 2445 αβεο
772 2383 825 2427 et
849 2396 882 2429 v
907 2380 1092 2429 ascalt.
1126 2407 1190 2415 —
1237 2378 1388 2430 v.13.
1426 2433 1434 2441 ‚

421 2444 709 2509 balantum]
758 2445 936 2496 Marh.
984 2447 1290 2496 ballantum.
1321 2472 1389 2483 -·

420 2530 471 2566 v.
506 2510 594 2563 14.
633 2512 753 2562 Non
790 2512 1008 2579 tulerat]
1058 2513 1221 2573 Edit..
1250 2512 1389 2564 Gol-

419 2579 589 2634 dastiz
623 2597 730 2631 non
760 2580 885 2630 tulit
901 2580 1130 2631 haec.—
1164 2580 1383 2649 doloris]

420 2648 481 2700 In
498 2647 692 2699 Codice
709 2648 786 2697 M.
805 2647 1004 2713 pariter
1031 2665 1094 2700 ac
1109 2647 1254 2699 editt.
1271 2649 1387 2700 Col.

422 2716 628 2784 etLips.
657 2716 915 2768 draconis.
935 2745 1002 2757 —
1029 2716 1186 2784 felle]
1209 2717 1385 2768 Marh.

421 2786 672 2837 veller—
746 2802 796 2835 v.
843 2783 927 2836 16.
994 2786 1168 2837 Rebus
1203 2785 1385 2851 mutis]

420 2859 672 2919 tanquam
731 2852 996 2920 scopum,
1073 2853 1387 2916 arboribus3

421 2922 558 2973 mihi
601 2919 807 2988 potine,
853 2919 1060 2987 inquit,
1103 2931 1263 2986 cane,
1297 2920 1393 2989 qui

421 2989 640 3050 audire,
682 2986 775 3055 qui
800 2990 1118 3053 respondere
1157 3007 1390 3055 possum.

420 3082 493 3097 —
544 3074 590 3108 v.
619 3055 702 3107 17.
749 3056 962 3122 mecum]
996 3058 1080 3108 Ita
1109 3057 1232 3108 Par.
1266 3058 1393 3126 βγο

312 3163 317 3166 ψ
422 3130 476 3177 et
513 3142 576 3184 v,
635 3122 832 3177 caeteri
859 3141 1053 3176 mecam
1093 3131 1197 3186 est,
1251 3124 1393 3192 quod

420 3192 666 3246 Schwab.
679 3193 736 3243 in
751 3196 894 3244 textu
909 3192 1215 3246 retinuit.—-
1237 3210 1288 3245 v.
1305 3190 1391 3244 18.

419 3262 469 3314 εἰ
499 3260 681 3312 vincas
699 3296 712 3323 ,
767 3260 932 3326 cedet]
979 3262 1106 3314 Par.
1132 3262 1167 3330 β
1195 3262 1242 3312 εἰ
1268 3262 1395 3312 vin-

421 3344 505 3381 ces
523 3329 683 3382 cedet.
719 3329 847 3379 Cod.
881 3328 958 3380 M.
996 3332 1044 3381 si
1069 3331 1267 3393 vincas,
1305 3346 1395 3381 ce—

421 3398 531 3449 dat.
585 3398 832 3449 Schwab.
895 3397 1064 3460 cedet,
1114 3398 1161 3448 si
1194 3398 1393 3462 vincis3

411 3464 496 3517 ‘ita
519 3465 681 3528 etiam
707 3466 828 3517 Par.
858 3482 901 3518 ε.
950 3466 1122 3517 Cedat
1147 3465 1196 3517 si
1226 3467 1396 3517 vincis

417 3533 595 3585 hahet·
623 3536 826 3600 Pany.
863 3561 931 3572 —·
979 3540 1164 3584 nostra
1201 3572 1214 3587 .
1247 3570 1260 3585 .
1307 3551 1395 3586 ce-

420 3600 532 3668 det]
552 3602 859 3653 Marhkmea
876 3640 888 3653 .
915 3639 928 3652 .
950 3602 1115 3654 cedat.
1134 3630 1202 3640 —-
1233 3619 1284 3653 v.
1303 3602 1398 3656 19..

418 3670 671 3736 coeamus]
718 3671 841 3721 Par.
890 3689 927 3723 α
936 3670 1010 3741 βε
1049 3674 1103 3721 et
1129 3688 1159 3722 ο
1195 3671 1390 3722 enhea-

417 3751 544 3801 πως,
597 3738 725 3789 eod.
762 3739 1040 3798 Guelferh.
1066 3743 1119 3789 et
1139 3738 1386 3790 Schwah.

418 3807 694 3859 calcamus·
715 3836 781 3847 —
816 3805 1051 3875 aequam]
1089 3807 1174 3859 Ita
1204 3822 1389 3857 omnes

417 3880 626 3941 praeter
666 3874 979 3928 Goldastum
998 3913 1014 3939 ,
1042 3873 1159 3941 -qui
1183 3875 1387 3925 vultu*

415 3958 554 3995 nam.
589 3972 658 3981 —
717 3960 766 3995 v.
789 3942 874 3993 20.
908 3941 1136 4009 movent]
1189 3942 1312 3994 Par.
1350 3943 1402 4011 β·

278 4020 287 4030 ·
388 4018 635 4065 >monent
671 4037 742 4051 —
795 4027 844 4061 v.
869 4009 956 4062 21.
1002 4009 1159 4079 nunc]
1198 4010 1319 4062 Par.
1351 4010 1388 4080 β

413 4093 550 4141 nom·
592 4097 626 4146 γ
654 4078 764 4133 sed.
811 4106 873 4116 —
935 4077 1081 4148 quia]
1127 4079 1246 4131 Par.
1281 4078 1318 4147 β
1352 4094 1387 4132 a

1468 2236 2447 2374 25..32.3“1e1³;;1:..²¹:,⁰‚;35353105223

1470 2377 1588 2442 uno]
1627 2378 1758 2429 Pur«
1773 2377 1808 2445 β
1833 2393 1865 2427 a
1883 2392 1959 2443 pr.
1980 2389 2050 2426 m.
2075 2374 2201 2424 allo.
2224 2374 2350 2425 cod.
2365 2376 2444 2425 M.

1468 2461 1591 2495 una.
1627 2470 1694 2479 —
1738 2443 1886 2495 v.22.
1926 2442 2091 2509 cadit]
2122 2442 2248 2492 Cod.
2279 2442 2445 2494 Guel-

1469 2513 1601 2564 ferh.
1652 2513 1824 2564 cadat.
1866 2542 1935 2553 —
1999 2512 2101 2561 nisi
2138 2510 2306 2577 testis]
2349 2511 2445 2563 -Ita

1466 2587 1647 2632 omnes
1682 2581 1844 2633 Godd.
1871 2582 1995 2632 Par.
2030 2584 2082 2629 et
2107 2577 2238 2628 eod.
2269 2579 2346 2629 Μ.
2388 2578 2444 2630 in

1466 2666 1571 2716 quo
1589 2664 1773 2726 νει-ευρ
1803 2648 1887 2700 23.
1921 2645 2252 2715 praecedenti
2277 2652 2448 2698 exstat

1465 2716 1627 2784 prior.
1648 2719 1825 2768 Marb.
1857 2735 1955 2785 quo
1976 2733 2060 2767 res
2083 2732 2274 2783 cunque
2300 2715 2447 2776 dabit

1471 2825 1482 2836 .
1516 2823 1524 2832 .
1558 2825 1571 2837 .
1602 2821 1615 2836 .
1639 2786 1787 2837 assit.
1815 2786 2062 2838 Schwab.
2100 2785 2250 2835 testis
2275 2783 2346 2832 ni.
2375 2807 2436 2818 -—
2524 2788 2538 2800 *

1469 2870 1519 2904 v.
1558 2852 1644 2905 23.-
1712 2871 1815 2905 non
1855 2855 1955 2921 me]
2006 2851 2170 2904 Editt.
2211 2849 2353 2916 Lilia.
2390 2857 2454 2904 et,

1470 2922 1584 2973 001.
1619 2938 1699 2973 me
1735 2940 1854 2974 non.
1888 2949 1956 2959 —
2006 2938 2056 2973 V.
2083 2918 2167 2971 25.
2207 2918 2443 2986 adaqua-

1468 2991 1549 3057 re]
1578 2991 1753 3042 Marb.
1779 2991 2051 3057 adequare.
2072 3016 2139 3026 -
2186 2985 2444 3037 Infinitivi

1471 3073 1666 3123 graeco
1705 3074 1807 3108 usu
1847 3073 1952 3124 pra
1987 3054 2221 3123 saphin,
2276 3072 2441 3121 aqua-

1472 3132 1596 3187 tum,
1630 3126 1929 3176 relevatum.
1954 3154 2020 3163 —
2069 3141 2122 3177 ν.
2149 3122 2251 3176 26.
2276 3124 2443 3174 Plero-

1471 3192 1632 3261 nesis]
1671 3193 1847 3246 Marh.
1880 3194 2102 3259 fronsiS.
2136 3193 2203 3230 —‘-
2271 3208 2321 3241 v.
2354 3189 2439 3241 27.

1473 3261 1545 3312 ad
1572 3261 1724 3330 haec]
1765 3263 1893 3314 Cod.
1929 3263 2005 3314 Μ.
2036 3262 2107 3313 ad
2129 3263 2239 3313 hoc.
2281 3256 2439 3309 Glos-

1473 3346 1563 3381 sae
1609 3328 1668 3382 iu
1722 3332 1852 3383 Cod.
1901 3330 2175 3382 Guelferb.
2213 3331 2271 3377 et
2314 3326 2452 3377 Par:
2544 3346 2548 3351 ·

1473 3416 1531 3461 α,
1563 3398 1800 3450 Goldast.
1829 3405 1883 3452 et
1898 3399 2143 3451 Schwab.
2170 3395 2264 3445 ait.
2306 3393 2437 3444 eod.
2481 3433 2486 3437 .

1472 3466 1597 3519 Par.
1620 3466 1786 3520 8259:
1823 3470 1902 3519 ait
1916 3468 2057 3518 haec.
2075 3492 2143 3501 —
2174 3478 2287 3513 eam
2304 3462 2440 3529 sors]

1472 3535 1789 3588 Mathaors
1816 3552 1945 3587 eam.
1971 3561 2037 3572 —
2101 3530 2310 3596 obtulit]
2345 3529 2440 3584 sic·

1473 3602 1634 3655 etiam
1674 3600 2082 3655 commentarius
2120 3598 2177 3649 in
2215 3598 2337 3651 Par.
2381 3614 2448 3651 as

1467 3671 1532 3722 In
1562 3677 1707 3723 textu
1732 3678 1812 3722 est
1835 3670 2039 3731 detulit,
2073 3667 2213 3734 quod
2236 3666 2444 3718 habent

1468 3739 1705 3791 Goldast.
1769 3744 1823 3789 et
1865 3738 1990 3789 edit.
2027 3736 2193 3790 Lond.
2240 3737 2364 3787 Par.
2400 3752 2438 3785 v

1466 3805 1636 3859 habet
1672 3805 1881 3873 optulit.
1925 3836 1993 3845 —
2061 3823 2113 3857 v.
2140 3804 2251 3856 28.·
2284 3801 2434 3869 ades]

1465 3875 1645 3926 Marb.
1676 3873 1855 3926 addes.
1883 3905 1951 3915 —
1985 3876 2135 3926 Hora
2158 3870 2284 3934 diei,
2318 3885 2435 3922 me-

1464 3941 1644 4005 ridies,
1669 3959 1829 4009 quem
1856 3943 2083 4011 requieti
2105 3942 2232 3992 dant
2257 3944 2435 4006 pasto-

1465 4026 1565 4063 res.
1611 4011 1776 4063 Multi
1794 4012 1863 4065 de
1880 4013 1986 4067 hae
2008 4028 2069 4064 re
2090 4008 2197 4063 loci
2221 4006 2281 4060 ἰιι
2308 4023 2434 4078 poe-

1465 4077 1534 4133 tis
1557 4079 1833 4134 bucolicis.
