2752 4620
407 222 519 294 242

413 421 738 483 Auca-onus
765 434 920 479 ocro
944 433 1225 479 nomas
1254 433 1394 478 cum
1426 412 1875 497 appendicibus.
1931 412 2125 496 bugd.
2166 414 2345 481 1538.
2386 418 2442 478 8.

410 520 737 584 Timonem
772 538 1076 583 annnam.
1156 519 1349 600 Lugd.
1388 521 1565 580 15⁷8.
1605 522 1665 582 8.
2101 520 2108 525 “

410 626 639 707 Enrrlo
665 624 818 690 Far.
896 627 1075 691 1608.
1117 629 1177 686 8.
1232 664 1237 667 -

571 726 894 790 'Paeonum
932 747 1171 793 senona
1185 773 1204 805 ,
1262 727 1461 790 edidit
1506 726 1555 792 1.
1596 725 1675 789 G.
1715 722 1780 788 S.
1838 721 2148 789 Schwabe.
2205 725 2444 788 Altenb.

386 834 587 893 1⁷⁷3.
627 836 688 893 8.
767 831 932 893 Huic
971 832 1193 895 editori
1231 850 1376 893 sane
1422 831 1655 912 gratiae
1703 829 2017 900 h'abendae
2068 833 2243 906 sunt,
2283 830 2446 909 quod

408 935 771 1017 scriptorem
811 936 872 997 in
926 935 1427 1000 bibliothecarum
1476 934 1849 996 solummodo
1903 932 2131 1012 aliquot
2179 934 2446 996 tenebris

407 1036 692 1099 latentem
717 1098 732 1115 ,
748 1038 813 1099 in
851 1058 1062 1102 manus
1100 1039 1410 1110 hominnm
1449 1038 1777 1099 reduxerit.
1855 1035 2070 1116 Neque
2107 1038 2194 1113 ia,
2212 1038 2448 1099 edendo

407 1158 478 1201 se
501 1143 795 1221 praebuit-
810 1143 1238 1224 indiligentem,
1276 1147 1345 1203 ut
1386 1142 1489 1221 qui
1527 1161 1564 1202 e
1603 1141 1813 1204 multis
1851 1140 2245 1222 scriptoribus
2281 1141 2447 1203 baud

408 1247 846 1309 contemnenda
885 1248 1227 1328 collegerit3
1265 1246 1379 1308 sed
1417 1246 1563 1306 nihil
1601 1245 1917 1326 quicqum
1953 1244 2243 1325 protulit,
2283 1245 2445 1324 quod

405 1347 527 1428 ipsi
565 1352 646 1412 sit
668 1352 986 1434 proprium
1022 1370 1221 1431 neque
1262 1353 1336 1412 ab
1376 1351 1507 1411 alii·
1548 1357 1688 1412 ante
1727 1370 1864 1412 eum
1901 1349 2088 1410 fuerit
2122 1348 2446 1428 prolatum.

405 1450 638 1514 Deinde
691 1456 952 1517 infausta
992 1454 1233 1516 fortuna
1270 1455 1488 1515 incidit
1523 1455 1585 1514 in
1624 1452 1871 1513 codices
1908 1452 2233 1534 permaloS,
2295 1471 2443 1532 quo-

406 1574 542 1617 rum
580 1558 988 1622 aberrationes
1025 1558 1219 1619 relatu
1257 1559 1429 1621 nobis
1467 1557 1822 1620 videbantur
1843 1556 2157 1638 indignae:
2200 1558 2311 1619 sed
2341 1575 2440 1618 se-

405 1659 662 1741 legimus
700 1668 929 1724 tantum
969 1682 1046 1723 ex
1084 1663 1273 1742 ipsius
1314 1668 1634 1742 apparatu,
1677 1680 1832 1740 quae
1868 1660 2124 1722 alicuius
2163 1665 2447 1740 poterant

406 1749 547 1824 esse
569 1767 877 1827 momenti.
918 1794 921 1797 ¹
956 1765 1232 1846 Denique
1260 1786 1564 1847 perpauca
1591 1764 1882 1845 explicuit
1904 1769 1970 1826 et
1997 1784 2071 1825 ea
2093 1752 2262 1838 fere}
2288 1782 2445 1843 quae

404 1884 524 1931 non
561 1887 832 1949 magnam
883 1866 1313 1932 difficultatem
1358 1869 1711 1934 offerebant.
1785 1867 1998 1948 Neque
2035 1869 2186 1930 mihi
2222 1868 2344 1928 iam
2377 1867 2443 1929 in

403 1971 553 2031 urbe
591 1974 908 2052 peregrina
947 1977 1134 2037 otium
1174 1980 1304 2036 erat
1335 1973 1830 2036 commentarium
1865 1971 2280 2043 concinnandi‚
2322 1969 2443 2032 etsi

402 2070 510 2131 hic
544 2073 664 2133 illic
679 2118 697 2151 ‚
754 2076 815 2135 in
854 2077 1004 2138 locis
1044 2077 1395 2146 difficilibus
1411 2122 1429 2153 ‚
1486 2077 1684 2155 aliqua
1720 2073 2014 2155 adspersi,
2031 2091 2206 2151 ‚quae
2244 2071 2441 2133 lecto-

403 2194 532 2239 rem
569 2168 644 2239 ad
683 2197 907 2258 veram,
949 2188 1017 2243 ut
1054 2183 1285 2264 opinor,
1327 2185 1592 2243 mentem
1616 2178 1917 2241 Theodnli
1942 2176 2167 2239 ducere
2198 2183 2437 2254 queant.

1301 2340 1402 2419 §-
1442 2344 1503 2399 ι.

562 2489 789 2551 Verum
843 2494 913 2549 ut
963 2488 1158 2567 aliqua
1217 2495 1384 2550 certe
1432 2494 1670 2552 exstent
1706 2489 2268 2556 commentariorum
2285 2533 2305 2566 ‚
2356 2490 2437 2554 de

403 2593 617 2675 quibus
642 2593 784 2669 dixi,
825 2612 1003 2654 manu
1041 2597 1420 2655 exaratorum
1447 2595 1793 2675 specimina,
1836 2594 2110 2672 excerpsi
2132 2598 2314 2672 atque
2334 2592 2440 2655 hic

400 2698 676 2778 ponenda
712 2697 856 2757 duxi
892 2696 1014 2770 illa,
1057 2714 1230 2774 quae,
1270 2697 1388 2757 etsi
1423 2697 1852 2776 nugacissima,
1896 2701 2098 2757 tamen
2137 2715 2214 2757 ex
2251 2696 2437 2778 fonti·

402 2802 513 2862 bus
549 2800 767 2861 hausta
804 2805 1008 2862 essent
1045 2800 1541 2890 reconditioribus
1579 2806 1643 2861 et
1684 2819 1957 2881 quorum,
1989 2800 2054 2861 ni
2090 2800 2287 2875 fallor,
2327 2798 2436 2861 ali-

402 2904 534 2981 quis
573 2922 716 2964 usus
754 2906 947 2983 possit
986 2924 1124 2965 esse
1161 2905 1237 2966 ad
1277 2905 1426 2965 alias
1444 2905 1880 2984 quaestiones,
1937 2923 2083 2985 quas
2121 2921 2279 2964 nunc
2317 2903 2438 2965 iam
2473 2947 2476 2952 -

398 3025 519 3067 non
554 3010 768 3068 tracto.
846 3007 943 3067 Ad
982 3028 1036 3069 v.
1076 3011 1181 3071 36.
1236 3008 1682 3087 „Pythagorae
1720 3006 2049 3068 numerus'’
2108 2996 2437 3088 anonymus

401 3110 626 3172 codicis
653 3131 728 3172 a:
769 3109 1206 3192 „Pythagor-as,
1249 3130 1388 3198 cum
1406 3111 1574 3171 iuxta
1598 3109 1890 3172 fabricam
1917 3111 2212 3191 quandam
2237 3116 2433 3173 trans-

401 3213 558 3292 „iret
571 3258 590 3289 ‚
659 3215 897 3299 audivit·
936 3220 1065 3275 tres
1120 3214 1324 3275 fabros
1338 3258 1357 3289 ‚
1412 3233 1596 3293 super
1632 3234 1810 3275 unam
1867 3214 2145 3276 incudem
2199 3215 2435 3277 malleis

401 3318 861 3397 „percutiendis‚
906 3319 1125 3396 quibus
1166 3318 1399 3379 addidit
1437 3323 1733 3397 quartum,
1773 3340 1809 3380 a
1840 3339 1957 3400 qno
1981 3336 2229 3380 numero
2267 3319 2434 3399 Prin:
2544 3354 2549 3359 .

401 3421 661 3503 „cipales
715 3428 974 3502 quatuor
1030 3422 1162 3483 toni
1202 3423 1347 3482 artis
1396 3415 1664 3483 musicae
1700 3424 1931 3503 reperti
1967 3426 2149 3496 sunt,
2191 3427 2254 3482 et
2290 3424 2434 3485 ideo

399 3524 589 3600 „dicit
615 3530 796 3587 tetras
832 3544 1142 3586 numerum
1168 3526 1303 3587 illos
1331 3528 1552 3604 imitari
1591 3526 1856 3588 carmine
1895 3522 2227 3596 versuum?
2286 3527 2432 3589 Ale-

400 3628 626 3689 xander
663 3630 741 3691 de
779 3630 889 3692 Sto
929 3630 1158 3692 Albano
1172 3649 1191 3688 t
1230 3615 1643 3711 „Pythagoras
1682 3629 1901 3689 dicitur
1938 3630 2233 3692 invenisse
2270 3632 2432 3692 hunc

399 3751 770 3810 „numerum‚
813 3735 952 3813 quia
992 3733 1246 3813 quadam
1285 3735 1406 3809 die,
1446 3735 1589 3794 dum
1616 3732 1902 3793 transiret
1940 3733 2103 3797 iuxta
2139 3736 2451 3798 fabricam·

397 3837 743 3911 „cuiusdam
780 3837 967 3912 fabri,
1028 3819 1252 3899 au't'livit
1304 3843 1431 3911 tres
1487 3837 1692 3900 fabros
1732 3835 2094 3901 fabricantes
2114 3885 2132 3916 ‚
2175 3843 2238 3899 et
2274 3856 2428 3901 unus

397 3939 736 4013 „martellus
789 3946 920 4001 erat
972 3942 1167 4005 maior
1206 3943 1321 4003 alio
1340 3986 1361 4020 ,
1435 3948 1497 4003 et
1548 3960 1669 4004 non
1725 3943 2190 4019 concordabant,
2223 3941 2427 4022 ‘quare'

395 4047 708 4121 „quartum
766 4044 1001 4106 addidit
1062 4052 1126 4108 et
1176 4047 1342 4109 iuxta
1404 4060 1617 4109 sonum
1677 4045 1845 4110 illum
1898 4045 2126 4108 invenit
2177 4051 2429 4126 quatuor
