2752 4620
480 458 631 522 tatio
685 459 843 517 inter
881 455 1195 519 veritatem
1237 465 1299 518 et
1318 456 1685 536 ‘falsitatem,
1727 464 1794 521 ut
1833 458 2073 540 cognita
2111 462 2359 522 veritate
2395 460 2508 523 fal-

480 564 626 626 sitas
683 560 996 622 abiiciatur
1044 566 1109 635 et
1164 559 1401 623 heresis
1445 561 1828 641 repellatur.·
1912 561 2108 624 Causa
2162 584 2307 627 vero
2324 580 2330 589 ‘⁷
2372 565 2508 625 effi-

479 668 647 731 ciens
687 666 908 726 dicitur
961 663 1152 726 fuisse
1192 666 1524 728 secundum
1565 667 1792 745 aliquos
1832 667 2017 728 katho
2058 669 2151 746 (⁶3)
2193 674 2257 731 et
2298 688 2508 730 secun-

478 766 641 835 dnm'
680 772 826 832 alios
880 769 1102 830 dicitur
1150 768 1341 831 fuisse
1392 770 1711 832 theodolus
1766 772 1866 851 qui
1915 772 2112 851 primo
2170 774 2397 842 studuit
2449 774 2510 834 in

480 876 663 958 ytalia
700 878 840 954 post
876 874 939 934 in
987 853 1189 953 grecia
1240 879 1387 954 aput
1439 874 1688 935 athenas
1742 879 1805 935 et
1845 875 2080 937 ibidem·
2131 882 2224 938 est
2279 877 2509 938 electus

479 980 545 1042 in
593 980 957 1061 episcopum
1009 978 1113 1039 ubi
1164 976 1391 1040 audivit
1438 978 1657 1039 multas
1717 978 2152 1060 disputatione·
2201 980 2511 1059 gentilium

479 1089 542 1147 et
611 1082 1074 1145 christianorum
1116 1102 1202 1152 gac
1266 1100 1648 1143 romanorum
1701 1081 1826 1157 (⁶2)
1894 1101 2007 1162 pro
2062 1101 2315 1162 quorum
2365 1101 2508 1144 con-

478 1187 681 1250 cordia
734 1187 953 1249 librum
1011 1202 1186 1244 suum
1254 1186 1459 1247 volens
1514 1204 1879 1266 componere
1946 1185 2276 1248 introduxit
2326 1205 2508 1268 pseu-

476 1293 600 1354 stin
655 1295 717 1352 et
777 1287 1069 1351 alathiam
1090 1289 1131 1347 i.
1172 1307 1227 1348 e.
1268 1288 1596 1352 falsitatem
1638 1295 1703 1351 et
1740 1290 2072 1351 veritatem
2092 1309 2262 1352 more
2300 1297 2506 1371 pasto-

472 1415 610 1458 rum
690 1437 709 1454 .
791 1436 806 1452 .
892 1437 907 1451 .
989 1435 1005 1450 .
1083 1390 1461 1471 litigantium.
1556 1393 1737 1454 Unde
1774 1393 1981 1454 titulus
2021 1393 2200 1454 huius
2238 1393 2376 1454 libri
2416 1398 2511 1455 est

472 1498 690 1579 egloga
739 1495 840 1556 vel
890 1493 1211 1556 theodolus
1270 1495 1471 1557 editus
1513 1497 1607 1557 vel
1646 1496 1811 1558 edita
1850 1516 1885 1556 a
1925 1498 2199 1577 quodam
2225 1496 2510 1576 theologo

446 1601 554 1663 Vde
607 1599 864 1661 veritate
917 1602 981 1658 et
1038 1595 1301 1659 falsitate
1398 1645 1418 1663 .
1502 1645 1519 1664 .
1604 1645 1620 1662 .
1718 1600 1928 1681 egloga
1978 1600 2203 1662 dicitur
2262 1599 2336 1660 ab
2376 1598 2511 1677 egle

473 1722 693 1787 graece
748 1703 907 1783 quod
926 1705 1055 1762 ‘est
1108 1721 1288 1782 capra
1325 1702 1507 1764 latine
1548 1708 1611 1764 et
1649 1704 1815 1784 logos
1858 1723 2057 1765 sermo
2098 1702 2268 1779 quasi
2308 1720 2509 1763 sermo

386 1840 393 1845 ’
472 1809 751 1889 caprinus
806 1812 869 1867 et
920 1808 1169 1866 vocatur
1207 1807 1380 1884 quasi
1418 1825 1617 1868 sermo
1655 1808 1967 1870 fabulosus
2010 1807 2219 1888 egloga
2256 1813 2510 1889 propter-

474 1912 605 1973 eius
669 1910 1015 1973 utilitatem.
1119 1909 1202 1970 Et
1253 1910 1573 1973 theodolus
1623 1912 1845 1974 dicitur
1900 1911 2149 1973 atheos
2193 1913 2360 1989 quod
2412 1918 2514 1973 est>

472 2014 622 2095 deus
680 2019 744 2074 et
798 2013 969 2074 dolos
1026 2013 1188 2093 quod
1233 2022 1329 2075 est
1376 2016 1543 2075 fraus
1562 2060 1581 2092 ,
1640 2010 1779 2094 (juia
1816 2016 1936 2076 iste
1974 2014 2131 2076 liber
2168 2002 2389 2077 tractat
2427 2015 2510 2076 de

470 2117 724 2178 veritate
764 2116 869 2195 qui
907 2121 1015 2176 est·
1042 2116 1204 2177 ‘deus
1246 2123 1312 2178 et
1352 2117 1613 2180 falsitate
1653 2119 1755 2199 qni
1793 2124 1891 2180 est
1928 2117 2093 2179 frans
2108 2163 2129 2193 ,
2190 2122 2253 2179 et
2289 2118 2505 2179 subor-

469 2218 727 2285 dinatur,
747 2218 1133 2306 philosophie
1172 2221 1388 2282 morali
1405 2228 1408 2235 ’
1427 2223 1565 2301 quia
1604 2224 1684 2284 de
1736 2223 2004 2283 moribus
2047 2221 2516 2284 christianorum·
2618 2301 2626 2313 ἱ

468 2330 705 2387 tractat.
748 2357 751 2358 ⁷
805 2325 1000 2385 Causa
1052 2346 1196 2387 vero
1252 2328 1449 2388 finalis
1490 2333 1587 2387 est
1626 2331 1693 2385 ut
1730 2345 1842 2403 per
1878 2325 2059 2383 huius
2097 2325 2239 2386 libri
2280 2326 2533 2388 doctri-'

467 2445 606 2490 nam
645 2429 957 2506 ydolorum
994 2429 1192 2487 cultus
1230 2434 1296 2489 et
1327 2450 1514 2509 prave
1549 2430 1801 2491 hereses
1831 2428 2094 2509 fugiatur
2124 2434 2186 2489 et
2214 2428 2514 2491 christum·

469 2531 575 2610 qui
626 2535 721 2591 est
767 2549 908 2590 vera
965 2530 1255 2611 sapientia
1306 2517 1631 2594 imitemur.
1713 2530 1795 2591 Et
1831 2537 1961 2592 tres
1975 2532 2327 2595 “introducit
2363 2553 2508 2614 per·-

469 2650 647 2718 sonas
687 2633 922 2696 scilicet
959 2636 1232 2714 pseustin
1260 2636 1638 2697 alathiam·et
1664 2635 1973 2695 fronesin:
2034 2637 2300 2715 pseustis
2323 2637 2508 2697 enim

375 2784 379 2787 >
465 2737 898 2817 interpretatur
948 2739 1183 2801 falsitas
1240 2742 1337 2806 vel
1390 2759 1693 2820 synagoga
1752 2739 1849 2799 vel
1888 2739 2177 2820 dyabolus
2216 2740 2325 2800 vel·
2350 2744 2507 2800 tem-

466 2861 581 2923 pus
634 2842 793 2920 quod
850 2842 967 2905 fuit
1005 2849 1143 2905 ante
1183 2845 1275 2921 (2)
1334 2850 1573 2925 tempus
1612 2862 1829 2923 graece
1853 2844 2116 2910 ,Alathial
2146 2842 2365 2904 veritas
2404 2841 2514 2902 vel-

468 2946 720 3008 ecclesia
739 2946 838 3015 vel
863 2947 1012 3007 deus
1051 2949 1151 3008 vel
1187 2954 1429 3027 tempus
1471 2968 1688 3030 graece
1724 2949 2153 3028 interpretatur
2192 2951 2256 3006 et
2294 2946 2503 3007 frone-

466 3050 550 3112 sis
588 3039 880 3130 sapientia
914 3049 1230 3129 prudentia
1277 3052 1722 3129 interpretatur·
1747 3055 1810 3110 et
1853 3051 2094 3111 afr-onos
2135 3052 2505 3132 imprudens..

684 3152 1142 3234 Specimina
1183 3154 1730 3216 commentarii
1769 3154 1861 3215 ad
1899 3175 1955 3215 ν’.
1997 3154 2280 3215 34-36,

624 3256 708 3318 Et
736 3258 881 3317 dicit
907 3276 944 3317 o
972 3257 1237 3338 pseustis
1257 3262 1324 3317 tu
1341 3276 1409 3318 es
1441 3259 1742 3320 masculus
1774 3259 2036 3339 Ideoque
2050 3273 2352 3339 propones
2373 3256 2499 3318 ala-

467 3360 594 3423 thie
631 3362 870 3423 mulieri
909 3363 1141 3441 etipsa
1180 3361 1572 3442 respondebit
1609 3365 1722 3425 tibi
1757 3362 1992 3424 Deinde
2029 3360 2291 3422 fronesis
2327 3361 2508 3423 dedit

468 3449 789 3527 secundam
860 3466 1218 3528 sententiam
1258 3467 1490 3528 dicens¹
1519 3474 1773 3548 utraque
1827 3483 2220 3547 personarum
2275 3464 2336 3524 in
2390 3483 2502 3525 sna

465 3566 871 3650 disputatione
911 3570 1095 3631 debet
1132 3573 1382 3633 metrice
1417 3572 1751 3653 procedere
1781 3569 2107 3630 secundum
2129 3586 2319 3629 ‘unum
2352 3583 2504 3646 qua-‘

465 3674 811 3736 ternionem·
841 3674 947 3767 qui
981 3660 1231 3736 vocatur
1266 3676 1651 3756 pittigoratu·
1690 3687 1782 3734 eo·
1819 3670 1979 3750 quod
2018 3670 2321 3752 pitagorae
2360 3669 2508 3736 talis-

461 3777 862 3859 philosophus
915 3798 1023 3841 seu
1079 3780 1344 3841 musicus
1401 3801 1518 3841 una
1533 3778 1709 3838 “vioe
1745 3776 2068 3866 transienss
2083 3795 2263 3836 unum
2289 3774 2508 3852 quod-t

398 3919 401 3920 ν
463 3882 603 3945 dam
655 3875 878 3943 flumen
936 3884 1232 3947 audiendo
1280 3888 1409 3943 tres
1447 3883 1673 3946 maleos
1716 3880 2061 3942 discordare
2097 3878 2272 3938 iussit
2312 3895 2492 3956 quar-

462 3992 593 4052 tum
646 3987 869 4068 apponi
894 3977 901 4008 ⁹
924 3994 990 4049 et
1043 3994 1184 4049 tunc
1236 3985 1557 4049 concordia
1613 3986 1731 4046 fuit
1766 3985 1925 4047 facta
1962 3983 2193 4045 Ultimo
2213 3981 2496 4072 fronesis

462 4089 758 4171 supplicat
778 4094 877 4156 *ut
930 4091 1023 4154 sol
1079 4091 1271 4154 diem⁴
1299 4090 1685 4173 prolongaret
1723 4091 1814 4154 sic
1852 4089 2014 4168 quod
2052 4084 2334 4152 laudabili
2368 4084 2493 4146 fine
