2752 4620
398 231 498 305 28

397 429 534 507 „uis
584 427 666 492 ibi
716 426 909 490 fllium
959 445 1136 501 suum
1174 424 1451 507 sepelivit
1464 472 1484 503 ‚
1554 427 1831 492 volucres
1883 428 2141 497 afferunt
2189 432 2424 523 Ignotae
2535 432 2540 442 '

374 533 867 621 „transsemiteffi
926 533 1038 593 sed
1075 536 1276 611 tantus
1315 531 1437 593 fuit
1471 532 1555 594 ibi
1589 531 1794 596 fumus
1835 539 1900 597 et
1933 554 2118 618 rogus
2156 537 2228 596 in'
2257 555 2422 598 com-

395 640 708 717 „burendo
758 654 978 717 corpus
1014 635 1386 698 .Memuonis
1399 680 1420 712 ‚
1472 636 1634 714 quod
1686 637 1787 698 vix
1841 657 1981 700 aves
2029 641 2423 714 transierunt3

392 742 592 820 „duae
631 744 831 802 autem
870 757 1010 800 aves
1050 738 1401 801 ceciderunt
1460 740 1537 800 ad
1586 744 1812 800 terram
1866 748 2122 824 propter
2174 743 2423 805 fumum.

393 843 640 922 „Mater
675 863 819 906 vero
858 842 1198 905 Memnonis
1239 842 1584 905 existimaus
1598 887 1618 919 .,
1670 863 1775 904 eas
1812 865 1952 906 esse
2002 847 2259 908 animam
2309 845 2423 906 filii

391 950 559 1027 „sui‚
609 948 759 1009 duas
810 965 951 1008 aves
1004 944 1251 1027 singulis
1300 940 1473 1007 *aunis
1529 948 1856 1010 sacrificari
1877 956 1882 959 ’
1905 949 2055 1012 fecit
2090 952 2153 1010 in
2190 950 2421 1011 honore
2461 1010 2466 1013 a

390 1096 432 1130 „
413 1052 544 1130 ‚filii
581 1049 729 1114 sui.”
808 1049 1094 1113 Similiter
1132 1055 1306 1112 anon.
1348 1050 1484 1111 cod.
1525 1070 1588 1112 οι.
2407 1106 2412 1113 «

548 1154 646 1216 Ad
672 1173 726 1215 v.
754 1157 875 1215 320
899 1173 1072 1217 anon.
1104 1154 1237 1215 cod.
1271 1174 1354 1216 α·
1396 1154 1800 1232 „Claudianus
1825 1156 1922 1218 vel
1952 1156 2261 1219 Declarius
2287 1176 2417 1219 eam

387 1258 782 1339 „(imaginem
820 1256 1116 1336 Palladis,
1167 1257 1399 1389 Romae
1437 1258 1790 1375 palladium)
1830 1265 2021 1363 semel
2060 1261 2207 1324 vidit
2226 1267 2293 1324 et
2314 1279 2417 1324 ex-

386 1368 709 1441 „caecatus
745 1361 897 1427 est.'’
1037 1409 1042 1412 -

548 1467 645 1531 Ad
672 1486 729 1532 v.
756 1470 873 1528 323
905 1466 1272 1529 Alexander.
1312 1468 1554 1548 „Super
1591 1468 1711 1530 hoc
1753 1469 1991 1549 enigma
2023 1470 2249 1530 multae
2277 1448 2419 1532 sunt

386 1572 856 1654 „expositiones.
934 1568 1096 1631 Dicit
1121 1588 1341 1650 nempe
1375 1570 1741 1648 nen-nardus,
1783 1573 1946 1650 quod
1984 1573 2225 1650 quidam
2262 1573 2413 1634 divi-
2454 1634 2460 1643 ,

384 1683 602 1755 „nator
638 1674 756 1736 fuit
793 1671 998 1734 (lelius
1040 1673 1298 1752 nomine,
1340 1677 1446 1754 qui
1485 1675 1781 1755 quoddam
1818 1676 2154 1755 plaustrum
2202 1677 2417 1738 habuit

384 1782 503 1859 „iu‘
534 1779 669 1841 loco
715 1779 950 1857 privato
1000 1784 1345 1861 terramque
1390 1797 1573 1859 super
1617 1779 1766 1840 illud
1818 1780 2022 1861 posuit
2057 1778 2123 1841 in
2160 1781 2432 1859 quadam¹

381 1882 599 1961 „fovea
635 1883 719 1944 ita
757 1887 825 1944 ut
862 1883 988 1943 axis
1020 1887 1150 1945 erat
1180 1888 1463 1945 oneratus
1497 1890 1681 1960 terra,
1723 1887 1785 1944 et
1805 1883 1927 1943 hoc
1951 1882 2190 1965 enigma
2218 1889 2412 1945 tran&

382 1987 703 2062 „euntibus
761 1988 1209 2065 praeponebat,
1280 1989 1475 2065 quod,
1551 1986 1693 2046 dum
1754 1987 1990 2048 solvere
2042 1988 2409 2059 nesciebant,

380 2089 557 2168 „ipse
596 2088 807 2163 solvit,
844 2090 1050 2148 dicens
1063 2133 1083 2164 ,
1124 2088 1285 2167 quod
1322 2093 1488 2150 terra
1525 2095 1657 2149 erat
1692 2088 1872 2150 altior
1916 2108 2029 2151 axe
2081 2090 2234 2154 coeli
2270 2091 2310 2151 i.
2351 2110 2408 2153 e.
2465 2097 2494 2173 J

305 2174 321 2189 ’
379 2193 578 2270 „Celii
614 2210 923 2273 apocope3
977 2191 1074 2251 vel
1118 2189 1295 2251 aliter
1347 2196 1411 2252 et
1459 2192 1693 2253 melius.
1774 2190 1967 2269 Deus,
2011 2194 2244 2273 quando
2286 2192 2424 2265 for-1

381 2297 603 2374 „mavit
638 2295 852 2372 Adam,
894 2293 1190 2373 quendam
1230 2295 1433 2357 locum
1472 2296 1809 2376 pretiosum
1848 2296 1964 2357 sibi
2002 2295 2411 2377 appropriavit

376 2402 551 2479 „sive
598 2405 952 2462 terrestrem
1006 2398 1345 2478 paradisum
1363 2441 1385 2473 ‚
1439 2404 1506 2459 et
1541 2397 1714 2459 illum
1753 2418 1935 2479 super
1973 2399 2242 2462 lunarem
2278 2400 2406 2481 glo-
2455 2459 2467 2483 ,

375 2506 560 2581 „bum
610 2502 815 2584 posuit
850 2501 967 2561 hac
1003 2501 1255 2578 ratione,
1315 2501 1477 2580 quod
1518 2503 1573 2563 si
1611 2503 1900 2565 diluvium
1939 2504 2274 2581 inundaret,
2311 2504 2408 2582 vel
2473 2500 2488 2512 ⁶

376 2606 658 2687 „aliquod
695 2581 1030 2687 periculum
1072 2589 1236 2667 esset
1274 2605 1350 2667 ad
1387 2606 1577 2667 illum
1616 2607 1820 2670 locum
1860 2609 2064 2671 venire
2103 2627 2225 2669 non
2262 2627 2406 2688 pos·
2479 2600 2492 2627 '⁸

374 2717 532 2791 „set‚
571 2719 636 2773 et
675 2712 738 2773 in
771 2710 875 2772 illo
911 2710 1050 2771 loco
1090 2715 1261 2772 erant
1283 2711 1477 2771 Adam
1502 2715 1564 2772 et
1594 2711 1745 2785 Eva,
1787 2713 1979 2774 donec
2015 2720 2405 2795 praeceptum

375 2816 657 2895 „Domini
707 2816 1050 2896 fregerunt,
1113 2820 1177 2877 et
1214 2816 1301 2877 ita
1335 2821 1502 2876 terra
1540 2822 1635 2877 est
1676 2836 1862 2897 super
1898 2837 2073 2879 axem
2112 2818 2227 2879 celi
2243 2843 2248 2848 ’
2265 2819 2307 2876 i.
2348 2836 2402 2878 e.

374 2939 602 3002 „super
638 2920 846 2980 lunare
884 2937 1139 3001 corpus;
1175 2918 1272 2980 vel
1310 2924 1513 3000 potest
1550 2921 1804 3001 intelligi
1825 2924 1903 2983 de
1928 2921 2157 3003 virgine
2184 2919 2402 2995 Maria,
2493 2951 2502 2958 *-

372 3040 639 3100 „corpus
681 3024 850 3084 cuius
890 3024 1054 3084 celos
1094 3023 1399 3097 ascendit3
1438 3023 1534 3083 vel
1574 3025 1652 3085 de
1689 3023 1819 3086 Deo
1859 3030 2061 3104 potest
2098 3022 2401 3105 intelligi-’7

373 3126 654 3189 Similiter
691 3146 862 3190 anon.
903 3128 1038 3190 cod.
1080 3147 1143 3190 α.

317 3238 324 3247 ’
448 3275 452 3279 -
523 3230 797 3312 Denique
858 3235 1089 3296 animus
1145 3236 1277 3294 erat
1332 3233 1621 3310 adiicere,
1691 3235 1991 3314 quomodo
2050 3230 2399 3314 exposuerit
2441 3307 2448 3312 ἡ
2497 3313 2502 3318 Β

365 3337 721 3412 Alexander,
762 3355 878 3415 qua
916 3337 978 3397 in
1016 3357 1086 3398 re
1125 3337 1343 3398 similia
1383 3338 1503 3399 sint
1538 3327 1833 3402 Pseustae
1858 3339 2022 3400 dicta
2047 3343 2112 3399 et
2145 3353 2393 3416 respon-

369 3458 438 3500 sa
473 3440 750 3502 Alethiae
764 3487 784 3517 ,
835 3441 950 3517 vel,
992 3447 1059 3504 ut
1097 3442 1228 3521 ipse
1266 3441 1547 3525 loquitur,
1603 3462 1760 3522 quae
1799 3443 1878 3503 sit
1915 3442 2137 3520 ubique
2180 3457 2394 3501 conve-

365 3544 588 3605 nientia
615 3545 712 3605 vel
738 3529 1158 3606 concordantia
1176 3545 1414 3635 fabulae
1438 3550 1503 3607 et
1530 3546 1848 3608 historiae:
1887 3543 1995 3605 sed
2024 3542 2187 3622 quod
2217 3543 2393 3605 char-

366 3653 490 3708 tam
526 3665 641 3727 pro
679 3649 932 3710 utilitate
971 3649 1215 3711 nimiam
1252 3650 1405 3710 haec
1442 3655 1803 3731 poscerent,
1860 3646 2217 3723 consultius,
2257 3645 2389 3727 opi-

366 3769 497 3829 nor,
524 3751 688 3816 ·haec
726 3754 917 3817 omisi.
1021 3752 1252 3834 Scripsi
1287 3753 1535 3815 Parisiis
1574 3758 1784 3814 mense
1821 3739 2186 3831 Septembre
2215 3752 2388 3811 1835.

1410 3906 1889 3999 Augustus
1941 3900 2186 3975 Beck.

1026 4098 1670 4133 *-
