2752 4620
320 1380 748 1501 Aethiopum
782 1426 975 1481 terras
1003 1418 1122 1480 iam
1146 1417 1381 1481 fervida
1403 1420 1620 1481 torruit
1651 1424 1869 1492 aestaS,

320 1521 388 1582 In
419 1536 637 1581 cancro
666 1515 809 1577 solis
841 1515 983 1576 dum
1008 1516 1265 1578 volvitur
1295 1536 1512 1578 aureus
1540 1515 1698 1589 axis3

322 1613 831 1694 Compuleratque
857 1630 994 1673 suas
1026 1613 1194 1672 tiliae
1220 1614 1340 1690 sub„
1361 1632 1611 1674 amoena
1644 1610 1906 1692 capellas

320 1711 510 1772 Natus
547 1710 618 1771 ab
647 1709 899 1770 Athenis
929 1715 1167 1789 pastor,
1210 1710 1563 1791 cognomine
1588 1707 1888 1769 Pseustis:

319 1807 501 1867 Pellis
527 1807 856 1885 pantherae
891 1807 988 1867 cui
1014 1825 1232 1886 corpus
1262 1807 1416 1867 texit
1437 1806 1723 1883 utrinque
2311 1804 2366 1865 5,

318 1901 630 1974 Discolor,
672 1907 739 1961 et
761 1900 984 1980 rigidas
1015 1903 1290 1980 perflavit
1316 1903 1520 1962 fistula
1546 1902 1788 1974 buccaS,

317 1998 620 2058 Emittens
649 1997 909 2056 sonitum
934 2016 1047 2077 per
1069 1988 1240 2057 mille
1269 1996 1567 2061 foramina
1590 2014 1825 2058 vocum.

315 2093 415 2157 Ad
438 2093 671 2177 fontem
698 2092 862 2154 iuxta
888 2095 1174 2172 pascebat
1201 2112 1344 2155 oves
1381 2093 1632 2168 Alithia,

317 2187 510 2269 Virgo
543 2189 762 2248 decora
791 2188 969 2253 nimis
993 2189 1182 2249 David
1212 2188 1289 2249 de
1317 2190 1550 2249 semine
1575 2189 1757 2268 regis,
1839 2248 1854 2253 -

319 2285 506 2349 Cuius
527 2284 756 2346 habens
789 2283 1077 2346 citharam
1102 2285 1267 2346 fluvii
1292 2286 1595 2365 percussit
1624 2283 1701 2346 ad
1728 2282 1966 2346 undam.

386 2455 437 2491 v.
451 2437 502 2491 1.
523 2437 653 2505 iam]
685 2437 777 2491 Sic
801 2454 983 2489 omnes
1008 2437 1170 2490 Codd.
1191 2437 1292 2491 So-

317 2506 405 2559 lus
436 2505 550 2559 cod.
576 2506 818 2558 Fabricii
834 2492 914 2572 ἲν.
940 2507 1086 2559 Bibl.
1103 2508 1289 2560 Graec.

317 2574 435 2627 vol.
465 2575 531 2627 X.
563 2575 685 2628 Lib.
714 2575 772 2627 V.
809 2591 923 2642 cap.
956 2572 1038 2626 45.
1071 2593 1120 2642 p.
1144 2574 1292 2639 546.)

319 2655 452 2693 cum.
478 2669 546 2682 -
591 2660 641 2694 v.
664 2643 717 2694 2.
755 2643 840 2711 In]
876 2643 959 2695 Ita
977 2659 1176 2695 omnes-⁸.
1220 2644 1295 2695 E-

319 2709 451 2762 ditio
471 2710 712 2762 Goldasti
738 2711 860 2762 iam.
875 2740 944 2749 -
996 2711 1125 2763 Cod.
1145 2712 1294 2763 Mar-

317 2780 476 2845 burg.
519 2794 708 2828 aureus
748 2779 989 2829 volvitur.
1026 2808 1092 2817 —
1150 2797 1203 2829 v.
1242 2778 1295 2829 3.

318 2847 560 2913 amoena]
621 2843 803 2896 Editio
871 2845 1089 2911 antiqua
1155 2846 1296 2911 apud

212 2959 221 2966 ,
317 2912 667 3033 Ἑκοζὲεὲἰιιιιι
687 2912 746 2964 in
768 2912 958 2980 Appar.
985 2913 1150 2965 litter.
1165 2914 1234 2965 T.
1249 2915 1294 2966 1.

318 2999 372 3049 p.
388 2980 420 3032 4
493 3018 505 3030 .
520 2983 729 3033 umbra:
752 2982 929 3033 Max-b.
945 2983 1295 3050 caprena&—

318 3066 371 3100 v.
389 3047 438 3099 4.
462 3048 784 3118 cognomine]
807 3050 983 3102 Marb.
1005 3052 1293 3102 nomine.—

319 3134 370 3169 v.
401 3113 450 3167 5.
482 3119 586 3185 cm]
623 3119 796 3169 Marb.
823 3117 978 3169 cuius.
1002 3148 1068 3157 —
1113 3118 1292 3170 utriu-

320 3184 445 3254 que]
483 3183 575 3236 Sic
610 3185 736 3236 Cod.
765 3184 1212 3253 Guelferbytanus
1237 3190 1291 3237 et

321 3252 470 3306 editt.
508 3252 624 3305 Col.
669 3257 722 3303 et
745 3252 888 3320 Lips.
916 3254 1078 3304 Codd.
1108 3255 1230 3305 Par.
1256 3272 1290 3305 ν

318 3326 372 3373 et
398 3340 446 3388 y,
492 3320 589 3372 ubi
612 3319 688 3389 gl.
715 3327 875 3384 „unte
900 3326 953 3387 et
981 3322 1180 3372 retro.''
1229 3321 1293 3373 In

320 3388 541 3456 reliquis
564 3389 726 3442 Codd.
749 3394 803 3441 et
817 3388 1157 3449 editionibus,
1175 3389 1293 3455 qui-

319 3457 422 3509 bus
461 3456 707 3510 Schwab.
742 3473 868 3509 usus
904 3463 1013 3519 est,
1047 3458 1188 3509 male
1218 3458 1296 3508 le-

320 3524 470 3593 gitur
509 3532 792 3594 utrumque.
855 3526 917 3577 In
958 3526 1122 3579 Codd.
1167 3526 1291 3577 Par.

321 3592 490 3662 αβεο
517 3600 785 3661 utrumque
814 3610 847 3645 a
875 3610 981 3645 sec.
1004 3610 1078 3645 m.
1120 3597 1293 3645 muta-

319 3668 439 3716 tum
463 3665 544 3711 est
565 3660 623 3711 in
642 3663 897 3729 utrinque.
926 3688 996 3701 —-
1057 3660 1293 3714 Panthe-

319 3746 415 3782 rae
429 3728 627 3795 pellem
641 3729 956 3783 discolorem
972 3746 1076 3782 non
1093 3735 1293 3781 temere

320 3795 488 3849 tribui
504 3796 776 3863 Pseustae‚
792 3815 825 3849 e
836 3798 1032 3866 reipsa
1044 3801 1262 3865 apparet
1273 3813 1291 3859 3

322 3864 469 3917 varia
493 3864 637 3916 enim
668 3870 722 3916 et
740 3867 967 3920 ποικίλα
994 3874 1118 3917 sunt
1146 3864 1290 3917 dicta

317 3931 969 4015 hominummenducium,
990 3941 1048 3987 at
1075 3930 1290 4000 ἁπλοῦς

323 3996 356 4055 ὁ
370 4000 474 4071 τῆς
491 4001 762 4069 adunatae
774 4002 980 4071 μῦθος,
1011 4007 1071 4057 ut
1095 4016 1296 4059 sermo-

2267 2285 2345 2345 10

1338 2441 1341 2446 “
1369 2456 1439 2491 ne
1467 2442 1590 2491 utar
1608 2437 1793 2505 Eurip.
1818 2432 2101 2489 Phoeniss.
2131 2416 2250 2488 469.
2273 2462 2342 2473 -

1369 2525 1422 2559 v.
1435 2506 1488 2559 6.
1512 2507 1742 2575 rigidas]
1773 2504 1835 2557 In
1848 2506 1968 2557 Par.
1982 2504 2016 2573 β
2030 2503 2232 2571 legitur
2248 2520 2345 2555 va-

1369 2576 1499 2639 rias,
1511 2576 1610 2627 illo
1630 2589 1791 2641 supra
1807 2574 2022 2639 scripto.
2039 2600 2105 2609 —
2142 2571 2344 2622 Secun-

1373 2643 1502 2693 dum
1532 2642 1613 2694 rei
1640 2649 1885 2693 naturam
1925 2638 2179 2690 dicendae
2222 2642 2345 2690 sunt
2425 2695 2432 2700 ,

1370 2713 1572 2764 buccae
1621 2709 1812 2761 erflare
1829 2707 2094 2769 fistulam3
2120 2715 2175 2758 at
2187 2705 2341 2757 fistu-

1370 2779 1427 2831 la
1459 2796 1553 2845 per
1597 2795 1689 2829 are
1724 2793 1829 2827 non
1880 2780 2053 2842 potest
2097 2776 2340 2826 buccam.

1370 2848 1635 2911 Enallage
1664 2851 1770 2906 est,
1815 2843 2187 2895 exclamabant
2211 2840 2342 2894 olim

1372 2912 1651 2981 magistri3
1686 2928 1873 2963 verum
1899 2911 2090 2964 merito
2116 2910 2224 2963 iam
2255 2926 2342 2961 re-

1371 2986 1633 3050 spuuntur
1662 2979 1890 3046 puerilia.
1924 2980 2059 3033 haec
2095 2977 2338 3041 artificia,

1370 3050 1565 3118 quibus
1583 3047 1764 3100 omnia
1789 3063 1883 3115 pro
1908 3048 2151 3100 omnibus
2172 3046 2342 3114 accipi

1371 3125 1425 3170 ct
1443 3115 1826 3171 absurdissima
1854 3132 2090 3181 quaeque
2119 3114 2340 3176 rationis

1370 3187 1554 3252 aliqua
1580 3184 1754 3251 specie
1777 3188 1995 3249 possunt
2020 3183 2184 3234 indui.
2246 3182 2343 3234 Fi-

1373 3256 1515 3306 stula
1574 3252 1773 3303 buccas
1838 3250 2066 3318 perflare
2124 3250 2337 3313 dicitur,

1371 3322 1500 3389 quia
1534 3320 1652 3388 ipsa
1673 3321 1850 3370 sumta
1871 3334 2029 3370 causa
2052 3324 2133 3371 est
2148 3319 2339 3371 inflan-

1373 3389 1430 3441 di
1460 3406 1555 3450 ac,
1591 3389 1710 3455 ipsa
1747 3386 1902 3453 quasi
1928 3392 2175 3450 auctore,
2210 3390 2340 3440 buc-

1373 3474 1469 3510 cae
1490 3461 1644 3508 vento
1662 3455 1965 3523 implentur.
1982 3481 2054 3493 —
2084 3472 2134 3507 v.
2148 3455 2197 3508 8.
2232 3452 2335 3521 Ad]

1371 3524 1463 3578 Sic
1500 3542 1683 3578 omnes
1732 3524 1893 3574 Codd.
1930 3527 2140 3588 praeter
2178 3522 2345 3575 Guel-

1369 3595 1504 3646 ferb.
1524 3633 1539 3658 ‚
1576 3591 1668 3659 qui
1692 3591 1859 3644 habet
1887 3597 1961 3651 at,
1997 3591 2135 3655 quod
2166 3587 2340 3655 sequi-

1370 3666 1460 3715 tur
1486 3660 1731 3714 Schwab.
1766 3687 1829 3697 —
1878 3657 2102 3725 Alithia]
2154 3657 2277 3711 Par.
2302 3674 2342 3707 α

1370 3731 1561 3793 αἱίοἰιις
1579 3729 1634 3798 ,β
1658 3726 1815 3779 alitia
1833 3742 1856 3786 ‚-
1890 3743 1924 3792 γ
1948 3726 2185 3785 αῑεοήἰας
2234 3742 2264 3777 o
2287 3728 2342 3774 et

1368 3817 1403 3853 v
1425 3799 1627 3858 alatia3
1661 3813 1688 3848 ε
1709 3792 1904 3856 allicio.
1938 3823 2004 3834 —
2066 3811 2117 3847 v.
2146 3791 2230 3844 10.
2266 3791 2339 3841 ad

1367 3865 1581 3931 undam]
1628 3862 1782 3927 ,‚Col.
1811 3866 1866 3913 et
1884 3860 2028 3929 Lips.
2060 3862 2244 3918 volunt
2265 3857 2338 3911 ad

1366 3932 1585 3988 undas.”
1623 3928 1870 3985 Schwab.
2188 3946 2205 3956 ,
