2752 4620
1204 441 1251 485 A
1289 443 1328 484 ι.
1367 444 1394 485 ι
1432 442 1473 488 ἰ·
1512 442 1560 486 n
1599 442 1625 485 1
1662 444 1723 489 A.
1754 441 1758 445 ·

447 527 624 591 Nunc
651 524 878 587 utinam
907 521 1134 583 Thales
1150 566 1172 599 ,
1210 519 1503 583 falsorum
1529 519 1745 598 fictor,
1786 520 2068 593 adessesz

448 624 721 703 quatuor
741 621 1033 701 imprimis
1064 618 1447 699 evangelicae
1472 618 1722 679 rationis

2365 623 2486 684 330

445 721 621 785 Nitar
655 719 994 794 codicibus,
1033 723 1305 778 nostrum
1336 716 1415 776 de
1440 716 1675 796 virgine
1707 735 1927 796 corpus

361 868 366 875 .
444 819 534 880 Ut
570 818 733 879 Deus
764 815 1090 891 adsumsit,
1129 833 1242 875 nec
1270 833 1371 875 me
1402 814 1576 873 labor
1601 815 1721 874 iste
1748 814 2032 894 grsvsbit.

449 1011 770 1092 Egregium
802 1008 1073 1070 sobolem
1099 929 1671 1088 cul,pllerESlilbfflthis1
1704 930 1970 1069 :morem

402 1152 403 1157 η
447 1106 525 1169 Vi
548 1125 830 1187 superum
861 1125 1078 1184 magns
1106 1104 1383 1179 sociasti,
1422 1109 1585 1163 teste
1618 1103 1884 1181 Capella,

448 1203 722 1265 Obsecro
755 1209 857 1279 te,
898 1200 1226 1277 Phronesi‚
1267 1201 1474 1260 iubeas
1506 1200 1764 1260 reticere
1793 1199 2007 1261 sorori.

2361 1205 2487 1264 335

448 1298 585 1377 Quo
611 1300 809 1385 tendis
841 1296 992 1369 cedo
1009 1340 1030 1370 ‚
1072 1314 1184 1357 nec
1209 1316 1309 1357 me
1337 1297 1594 1357 cessisse
1624 1295 1878 1379 negabo.

1032 1512 1810 1617 'rnnotnnslsj

454 1701 753 1793 Mortales
782 1701 983 1763 cuncti
1008 1699 1167 1779 qnod
1201 1700 1566 1762 contendunt
1587 1696 1867 1780 indipisci,

450 1797 583 1858 Nec
604 1843 624 1875 ,
667 1799 721 1858 si
744 1796 1097 1878 perficiant,
1139 1799 1298 1858 vitae
1318 1797 1670 1858 discrimino
1697 1803 1925 1873 curant,

448 1893 547 1954 Ex
571 1895 878 1972 insperato
910 1893 1202 1953 Dominus
1227 1892 1339 1952 tibi
1367 1894 1615 1954 contulit
1633 1894 1811 1955 ultro.

448 1991 540 2052 Ut
567 2009 806 2050 cessare
832 1990 1015 2064 velis,
1060 1989 1330 2049 devictus
1363 1990 1661 2069 supplicat
1694 1991 1909 2054 hostis,

2370 1994 2490 2053 340

450 2084 768 2161 Thra‘icius
808 2090 975 2146 vates
1003 2086 1322 2147 commovit
1344 2086 1588 2165 pectine
1615 2084 1854 2163 ManeS‚

448 2180 546 2244 Te
578 2189 861 2245 moveant
889 2183 1191 2246 lacrimae.
1273 2181 1398 2241 lam
1428 2182 1586 2242 tollit
1613 2200 1836 2243 cornua
1861 2182 2143 2246 Phoebe:

453 2277 560 2340 Sol
594 2281 753 2361 petit
779 2297 1059 2340 occasum
1081 2325 1100 2356 ,
1140 2279 1330 2358 frigus
1365 2278 1641 2339 succedit
1676 2296 1950 2358 opacum.

450 2373 671 2437 Desine
709 2376 870 2454 quod
897 2381 1119 2452 restat,
1161 2395 1241 2437 ne
1276 2375 1620 2455 desperatio
1649 2374 1865 2437 laedat.

527 2631 583 2666 v.
612 2613 732 2666 329.
759 2614 1042 2681 falsorum]
1093 2613 1214 2666 Par.
1255 2633 1288 2681 γ
1317 2617 1444 2680 far-

447 2684 657 2749 sorum3
692 2683 817 2735 Par.
840 2684 1235 2749 vsalsmm.-
1254 2682 1438 2749 fictor]

455 2750 637 2804 Mart».
675 2752 861 2804 victor.
890 2781 953 2793 —
1040 2751 1266 2817 adesses]
1315 2752 1439 2803 Par.

451 2836 485 2872 τ
523 2819 744 2872 adesset.
789 2847 861 2861 —-
941 2818 1192 2870 Thaletis
1247 2836 1440 2870 nomen

449 2888 600 2940 omni
651 2892 890 2954 tempore
944 2886 1285 2954 proverbiale
1325 2894 1443 2940 erat

450 2955 519 3009 de
551 2954 817 3023 sapient03
865 2954 958 3006 hic
990 2971 1199 3022 quoque
1229 2955 1295 3006 de
1318 2955 1442 3022 phi-

454 3024 684 3091 losopho
708 3040 915 3092 pagano
934 3023 1119 3089 quovis
1138 3023 1441 3090 ponitur.—

449 3106 504 3144 v.
517 3092 637 3144 330.
663 3091 902 3157 rationis]
917 3091 1095 3143 Marb.
1113 3092 1441 3144 lectionis.—

448 3177 504 3212 ν.
547 3159 668 3212 331.
733 3160 909 3226 Nitar]
968 3160 1131 3212 codd.
1207 3161 1439 3215 Helmst.

451 3233 507 3281 et
533 3228 670 3282 Par.
713 3229 758 3346 ξι
789 3234 842 3281 et
876 3229 991 3281 Col.
1029 3233 1083 3279 et
1121 3227 1264 3295 Lips.
1297 3236 1439 3296 utar,

453 3300 510 3349 et
541 3295 618 3348 ita
648 3296 718 3348 Sc
758 3299 892 3350 wub.
922 3324 994 3337 —-
1044 3297 1302 3363 nostrum]
1349 3297 1442 3350 Sic

458 3381 641 3422 omnes
668 3365 830 3417 Godd.
846 3367 970 3418 Par.
1000 3373 1054 3418 et
1075 3364 1219 3416 editt.
1240 3365 1440 3417 Golde-

453 3433 542 3496 sfi,
576 3433 745 3486 Lond.
780 3440 834 3485 et
852 3433 963 3488 Vet.
1017 3433 1440 3486 Cod.Guelfe1-b.

453 3508 717 3565 vestrum3
757 3502 871 3553 Col.
904 3519 1107 3554 sacrum
1127 3519 1149 3564 ,-
1187 3502 1435 3556 Schwab.

453 3585 580 3621 cum
622 3569 750 3621 God.
794 3570 874 3621 M.
899 3587 1091 3621 verum.
1117 3596 1190 3609 —
1232 3586 1284 3620 v.
1314 3568 1435 3621 332.

374 3674 380 3688 .
458 3637 731 3704 adsumsit]
816 3639 980 3690 Codd.
1044 3638 1322 3689 Guelferb.
1385 3642 1439 3690 et

450 3706 632 3758 Μαι-1).
668 3714 722 3757 et
745 3707 867 3759 Pur.
892 3726 967 3760 vv
996 3707 1210 3775 accepit.
1249 3707 1373 3758 Par.
1403 3724 1438 3759 ν

450 3772 622 3827 habet
671 3774 909 3843 glossam
948 3773 1322 3842 „assumpsit”
1365 3799 1439 3817 -

451 3842 572 3909 iste]
608 3842 728 3895 Col.
766 3844 872 3896 ille.
943 3845 1069 3898 Per.
1108 3863 1141 3897 τ
1181 3843 1454 3912 gravabit-

452 3909 602 3963 labor
642 3911 755 3964 iste*
784 3929 882 3979 pro
921 3913 1070 3965 labor
1105 3912 1206 3965 iste
1231 3928 1437 3981 grava-

1521 2613 1614 2666 bit.
1627 2641 1699 2654 -
1715 2603 1764 2664 ν.
1782 2610 1901 2666 336.
1915 2611 2103 2679 tendis]
2117 2614 2200 2666 lta
2209 2613 2334 2668 Par.
2354 2633 2431 2669 ατ
2443 2623 2497 2670 et

1520 2681 1648 2734 edit.
1667 2680 1913 2733 Goldusti
1930 2697 1945 2744 3
1970 2680 2168 2733 caeteri
2178 2686 2231 2733 et
2246 2682 2492 2738 Schwab.

1520 2750 1706 2802 tendit.
1734 2748 1912 2800 Marb.
1948 2766 2046 2817 quo
2074 2750 2240 2801 tendit
2263 2751 2384 2803 cedo
2405 2770 2498 2805 nec

1518 2836 1600 2870 me
1622 2817 1804 2869 vicisse
1818 2818 2038 2885 negabo.
2050 2845 2123 2858 —
2153 2835 2246 2869 nec
2257 2820 2353 2886 me]
2369 2822 2496 2874 Par.

1518 2887 1554 2955 β
1570 2903 1661 2938 nec
1682 2902 1898 2938 eam.—
1930 2902 1980 2936 v.
2006 2885 2124 2938 237.
2153 2889 2489 2956 contendunt]

1519 2955 1649 3006 Cod.
1688 2954 1768 3005 M.
1806 2954 2116 3019 concedunt3
2166 2955 2285 3007 Par.
2308 2975 2343 3008 τ
2372 2974 2495 3009 oon-

1519 3030 1877 3090 tempnunt.-
1888 3040 1938 3074 v.
1956 3022 2075 3075 338.
2096 3022 2220 3090 Nec]
2234 3024 2395 3078 Cudd.
2410 3026 2491 3079 Μ.

1521 3098 1575 3144 et
1598 3093 1724 3144 Par.
1750 3110 1783 3144 τ
1805 3108 1886 3143 ne.
1901 3118 1970 3130 —
1993 3108 2046 3142 v.
2060 3089 2177 3143 339.
2208 3093 2490 3161 insperato]

1522 3159 1683 3210 Codd.
1696 3160 1776 3210 M.
1795 3164 1848 3210 et
1859 3159 2087 3209 Helmst.
2109 3165 2162 3211 et
2173 3159 2314 3229 Lips.
2331 3163 2498 3231 inspi-

1520 3234 1730 3279 rato.-·
1746 3244 1799 3277 v.
1812 3225 1932 3279 34⁰.
1960 3226 2047 3293 Ut]
2063 3227 2186 3279 Par.
2199 3233 2299 3282 aet
2311 3229 2346 3298 β
2361 3245 2395 3281 a
2410 3247 2491 3297 pr.

1519 3311 1591 3347 m.
1623 3296 1711 3346 Et.
1734 3320 1806 3336 —-
1864 3295 2012 3361 velis]
2043 3296 2164 3347 Par.
2194 3317 2228 3350 τ
2252 3298 2393 3350 velit.
2423 3325 2494 3339 —

1527 3364 1798 3416 Threicius
1824 3364 1969 3430 (fort.
2000 3364 2283 3428 (Hm-cicius,
2308 3366 2401 3417 sed
2421 3365 2492 3417 il-

1518 3432 1612 3482 lud
1652 3432 1885 3498 codices)
1931 3437 2080 3483 vates
2094 3469 2111 3495 ‚
2174 3433 2493 3501 „Orpheus”

1520 3500 1685 3568 gloss.
1709 3499 1916 3551 Deinde
1944 3500 2148 3552 Phoebe
2170 3519 2265 3568 pro
2278 3502 2493 3555 luna.—

1518 3586 1568 3620 v.
1585 3568 1702 3620 341.
1736 3568 1938 3635 Manes]
1958 3569 2078 3619 Par.
2103 3587 2136 3636 γ
2153 3586 2320 3622 canes.
2339 3600 2405 3609 —
2441 3587 2492 3622 v.

1519 3635 1639 3687 342.
1659 3636 1915 3702 moveant]
1936 3636 2062 3687 Cod.
2073 3637 2149 3689 Μ.
2161 3645 2495 3692 maneant.—

1516 3721 1570 3755 v.
1601 3704 1720 3757 343.
1760 3702 2008 3770 occasum]
2058 3705 2121 3757 In
2159 3706 2495 3773 quibusdam,

1518 3772 1646 3823 dicit
1685 3773 1954 3837 Schwab„
1999 3790 2261 3826 oceanum.
2285 3801 2354 3815 -
2400 3775 2498 3828 Bis

1515 3840 1717 3908 legitur
1754 3841 1851 3894 hio
1887 3858 2073 3896 versus
2121 3841 2178 3895 iu
2210 3842 2345 3911 001„
2377 3848 2498 3913 post

1516 3925 1729 3962 versum
1752 3908 1857 3963 339
1884 3916 2045 3979 atque
2070 3908 2177 3965 hoc
2206 3909 2342 3965 loco.

1841 4005 1884 4062 4
