2752 4620
2122 218 2313 337 ⁴1¹2

274 462 508 546 „probo
539 458 1071 543 pseudosynodus
1091 459 1207 518 illa
1235 456 1588 519 Romanam
1623 460 1952 520 ecclesiam
1994 464 2308 542 corrigere

275 565 712 650 „praesumsit‚
755 582 919 646 quae
958 562 1229 643 legalem
1257 580 1491 640 agnum
1510 561 1759 640 parieti
1780 563 2129 643 appingere
2162 584 2305 626 con-

274 674 643 748 „sueverate
685 666 965 729 decrevit
1005 667 1227 744 igitur,
1256 683 1340 726 ne
1376 663 1656 727 carastus
1682 663 1991 726 Dominus
2014 667 2128 728 sub
2157 673 2315 750 agni

272 779 522 858 „forma
548 773 1034 855 depingeretur:
1077 788 1277 850 quare
1317 787 1551 848 agnum
1592 768 1784 829 istum'
1809 788 2169 849 expressum
2210 772 2305 834 di-

271 898 524 956 ,‚cerem
581 870 695 939 aut
752 880 902 935 ante
960 872 1196 935 dictam
1248 872 1581 953 synodum,
1635 874 1738 933 vel
1766 875 1995 956 paullo
2036 883 2185 957 post
2242 880 2309 939 in

269 983 474 1060 „dicti
512 981 770 1044 canonis
813 979 1324 1058 confutationem,
1365 976 1448 1037 tle
1486 997 1606 1060 quo
1644 978 1776 1038 late
1822 976 2043 1060 Lupus
2085 981 2155 1040 in
2192 1001 2309 1042 no-

272 1088 400 1164 „tis
440 1085 527 1148 ad
564 1086 679 1146 hoc
721 1081 1215 1145 conciliabulum.
1241 1114 1319 1124 —
1344 1079 1496 1142 Scio
1533 1087 1751 1142 tamen
1791 1081 1872 1142 ab
1912 1081 2181 1144 eruditis
2206 1084 2310 1146 hic

268 1193 504 1270 „obiici
535 1190 692 1252 mihi
719 1208 926 1271 posse,
968 1188 1156 1268 longe
1191 1187 1516 1248 saeculum
1556 1193 1802 1247 sextum
1842 1187 1944 1247 vel
1980 1188 2311 1268 septimum

267 1292 637 1373 „asceam-e,
672 1297 806 1352 tum
839 1291 1272 1353 duodecimum
1295 1290 1604 1368 redolere,
1636 1298 2009 1369 argumento
2026 1290 2310 1355 desumto

268 1418 394 1477 „ex
435 1395 736 1479 versibus,
777 1397 899 1478 qui,
928 1396 1102 1457 circa
1141 1395 1403 1457 Iconum
1434 1394 1837 1476 peripherias
1876 1395 2194 1474 leguntur,
2246 1405 2311 1458 et

266 1503 551 1580 „leonini
596 1501 964 1575 censentur,
1009 1519 1149 1561 cum
1191 1518 1404 1560 eorum
1462 1499 1664 1580 aliqui
1698 1498 1857 1566 nihil
1896 1498 1975 1559 ab
2015 1500 2143 1562 illis
2183 1499 2306 1580 dis-

262 1606 527 1687 „serant
567 1610 686 1664 etc.
729 1610 844 1665 etc.
886 1614 889 1617 '
926 1604 1020 1664 At
1046 1602 1404 1666 huiusmodi
1442 1605 1790 1664 carminum
1823 1622 2005 1665 usum
2036 1605 2308 1686 aliquem

265 1706 657 1789 „praedictis
695 1708 967 1768 saeculis
1010 1706 1159 1768 XII
1190 1715 1253 1767 et
1308 1705 1492 1767 XIII
1539 1707 1956 1788 antiquiorem
1998 1728 2132 1770 esse
2169 1715 2303 1771 tra-

265 1811 404 1888 „dit
446 1809 804 1891 Stiglianus
845 1811 926 1873 de
968 1820 1109 1873 arte
1147 1810 1557 1892 versificandi
1594 1831 1733 1891 cap.
1773 1807 1905 1870 14.”

234 1906 237 1909 “
461 1913 742 1974 Fluctuat
794 1912 982 1993 igitur
1033 1921 1197 1974 aetas
1246 1913 1464 1994 poetae
1517 1915 1709 1976 nostri
1742 1915 1897 1975 inter
1937 1919 2171 1976 sextum
2210 1915 2306 1976 vel

263 2017 591 2099 septimum
631 2021 696 2076 et
734 2016 1031 2077 decimum
1083 2018 1420 2082 saeculum:
1477 2018 1658 2078 metri
1695 2036 1838 2077 vero
1878 2018 2108 2098 aliquot
2144 2019 2306 2094 vitia,

263 2142 418 2203 qnae
471 2122 677 2182 evitari
733 2120 864 2182 fere
920 2119 1117 2181 solent
1156 2141 1192 2180 a
1242 2120 1441 2198 poetis
1481 2120 1676 2179 octavi
1730 2122 2001 2182 exeuntis
2044 2127 2111 2182 et
2165 2123 2308 2183 noni

262 2225 508 2303 saeculi,
551 2244 705 2303 quae
746 2228 843 2284 est
883 2227 1050 2291 aetas
1072 2220 1277 2283 Caroli
1302 2219 1533 2300 Magni,
1576 2222 1833 2282 suadere
1871 2223 2126 2303 possint,
2168 2242 2307 2284 eum

261 2330 340 2392 ad
373 2330 696 2410 septimum
721 2327 821 2389 vel
856 2331 1127 2388 octavum
1142 2324 1481 2406 pertinere,
1520 2325 1638 2388 nisi
1676 2326 1920 2404 quidem
1950 2325 2103 2385 alius
2130 2344 2302 2405 pror-

136 2423 143 2425 *
264 2452 371 2496 sus
411 2433 671 2512 regionis
713 2436 860 2496 erat.

419 2535 690 2615 Denique
729 2536 900 2597 nobis
942 2536 1069 2597 veri
1093 2554 1383 2617 perquam
1414 2536 1610 2597 simile
1635 2554 1772 2598 esse
1801 2535 2057 2614 videtur,
2093 2557 2299 2617 quam-

261 2642 351 2701 vis
404 2639 767 2719 obloquente
798 2639 1159 2725 ‘Schwabim
1213 2638 1519 2701 Theoduli
1571 2657 1787 2701 nomen
1823 2640 1962 2700 fieri
2014 2643 2199 2721 posse
2238 2631 2308 2705 u't

260 2761 382 2805 non
419 2744 729 2823 proprium
767 2764 1105 2824 personae⁷
1150 2743 1259 2805 sed
1311 2744 1562 2804 noviter
1587 2743 1945 2808 inventum.
1971 2746 2057 2805 sit
2112 2754 2177 2807 et
2212 2750 2303 2827 fi-

154 2901 160 2907 .
262 2854 434 2909 ctum
455 2845 798 2907 secundum
819 2847 1278 2927 proprietatem
1314 2847 1420 2906 rei
1459 2852 1521 2906 et
1548 2847 1897 2925 materiae‚-
1922 2855 1992 2910 ut
2017 2849 2099 2911 ait
2124 2850 2301 2930 scho-

260 2951 436 3013 liasta
489 2950 603 3021 (cf.
645 2947 714 3029 §-
755 2954 814 3013 2.
856 2955 981 3010 not.
1017 2948 1126 3026 f.):
1188 2950 1349 3026 quod
1388 2949 1464 3009 iis
1518 2969 1713 3028 usque
1752 2953 2149 3032 reputandum
2186 2961 2300 3033 est,

260 3054 364 3134 qni
414 3058 557 3133 post
608 3073 716 3116 nos
768 3054 1030 3116 auctoris
1087 3054 1333 3133 eclogae
1380 3053 1630 3133 vestigia
1677 3053 2010 3135 indagaturi
2066 3062 2221 3120 sunt·
2241 3060 2302 3121 in
2387 3108 2396 3122 .,

260 3156 658 3238 scriptoribus
697 3157 885 3218 medii
923 3158 1070 3218 aevi.
1623 3175 1634 3184 ·
2111 3165 2138 3216 .’

384 3319 387 3324 .
418 3259 486 3321 In
524 3259 650 3320 fine
690 3261 966 3321 carminis
1007 3260 1126 3321 duo
1167 3259 1405 3322 codices
1446 3258 1705 3320 offerunt
1743 3266 1884 3322 octo
1923 3281 2130 3326 versus
2146 3308 2166 3340 ‚
2224 3265 2301 3327 de

261 3365 474 3443 quibus
511 3370 682 3425 recte
720 3363 1003 3427 iudicavit
1039 3364 1389 3443 Lessingius
1419 3363 1577 3439 (Zur
1601 3362 1969 3427 Geschichte
2003 3365 2131 3426 ,und
2169 3367 2297 3429 Lit-

260 3473 513 3530 teratur.
593 3466 813 3528 Erster
851 3467 1112 3547 Beytrag
1149 3469 1327 3527 1773.
1401 3488 1465 3549 p.
1503 3470 1623 3529 246
1681 3487 1814 3550 sqq.
1893 3468 1956 3529 in
1998 3466 2299 3548 Operibus

259 3569 337 3632 Τ.
385 3569 538 3631 ΧΙΠ.
593 3591 655 3651 p.
696 3574 820 3633 346
858 3572 1062 3650 ειη).
1093 3568 1188 3630 Ne
1226 3577 1508 3635 externus
1548 3574 1791 3654 quidem
1831 3570 2131 3634 Theoduli
2169 3593 2299 3635 ver-

260 3693 437 3736 suum
475 3673 714 3737 habitus
756 3696 891 3738 cum
936 3695 1077 3737 cura
1110 3682 1382 3747 servatus
1417 3682 1531 3753 est,
1572 3676 1969 3738 assonantiam
1997 3676 2153 3753 dico,
2194 3697 2299 3739 ne-

260 3777 401 3840 dum
458 3784 718 3840 caetera.
746 3803 761 3810 ·
797 3779 1234 3843 Desiderabant
1288 3779 1404 3841 viri
1453 3780 1541 3858 pii
1581 3778 2023 3840 conclusionem
2061 3782 2298 3854 iustam,

260 3882 303 3942 i.
345 3901 399 3942 e.
439 3882 855 3963 doxologicam
869 3930 888 3960 ,
948 3905 1124 3964 quam
1166 3884 1299 3946 aliis
1340 3881 1635 3945 eiusmodi
1692 3882 2004 3961 opusculis
2045 3884 2302 3944 adiicere

260 3983 531 4047 solebant
598 4005 718 4054 non
772 3993 1023 4066 poetae&
1044 3990 1223 4050 modo
1242 4033 1297 4064 ,A
1341 3988 1454 4054 sed
1513 3985 1612 4045 alii
1674 4003 1914 4065 quoque
1974 3973 2303 4067 scriptores

261 4087 601 4151 Christiani.
681 4075 978 4172 Exemplo
1022 4096 1161 4155 sunt
1206 4090 1441 4170 dialogi,
1484 4087 1563 4151 de
1601 4093 2042 4156 resurrectione
2092 4108 2309 4171 corpo-

1689 4196 1730 4255 2
