2752 4620
2288 206 2388 279 2⁴1

365 401 513 483 „qui
548 401 736 461 filium
773 399 1017 474 habuit,
1071 399 1422 479 cognomine
1459 399 1906 480 Aesculapium,
1959 402 2208 482 proprio
2243 420 2388 469 veto

362 507 644 582 „nomine
682 506 848 567 Peon
863 501 950 581 *),
992 505 1095 582 qui
1133 501 1386 582 quadam
1425 501 1527 564 die
1562 521 1851 583 pergens.
1883 507 2193 584 spaciatim
2239 509 2391 571 vidit

362 610 750 697 ..basiliscum
778 596 989 671 conti-a
1022 613 1329 690 pastorem
1367 607 1769 683 dimicantem,
1809 607 1971 669 unde
2000 608 2247 674 nimium
2278 615 2390 675 mi-

363 720 567 797 „ratus
608 719 726 789 est,
782 719 1084 794 pastorem
1122 731 1315 793 posse.
1344 711 1635 800 resistere
1673 713 1972 791 basilisco,
1997 734 2147 776 cum
2185 716 2390 777 basili-

361 835 544 893 „scus
585 808 668 877 sit
704 822 903 878 tantae
950 816 1215 891 virtutis,
1276 814 1440 895 quod
1474 815 1604 877 solo
1655 807 1790 876 risu
1843 817 2148 879 hominem
2200 821 2394 899 possit

359 921 767 997 „interficere
849 919 1121 981 Tandem
1148 919 1315 982 Peon
1341 921 1554 981 videns
1581 924 1883 999 pastorem
1910 926 2141 981 sertum
2162 921 2388 985 haben-

360 1029 525 1100 „tem
564 1026 811 1087 floribus
850 1031 1208 1087 ‘contextum
1224 1070 1244 1101 ,
1292 1020 1478 1103 quare
1532 1024 1912 1085 existimabat
1953 1024 2209 1102 aliquam
2248 1028 2391 1089 her-

360 1130 540 1203 „bam
595 1148 734 1190 esse
770 1129 1051 1189 inserto
1104 1127 1413 1208 praedicto
1463 1133 1670 1189 tantae
1707 1128 2014 1209 potentiae
2028 1173 2048 1204 ,
2099 1133 2200 1204 ut,
2252 1129 2394 1191 dum

362 1239 628 1306 „sertum
681 1251 901 1293 secum
924 1231 1147 1307 ferret,
1195 1232 1531 1293 nullatenus
1569 1232 1726 1292 vinci
1763 1238 1975 1312 posset
2012 1252 2049 1293 a
2079 1232 2394 1310 basilisco,

361 1354 586 1414 „quare
617 1337 786 1397 Peon
817 1337 1015 1415 rapuit
1034 1337 1262 1415 pastori
1299 1341 1550 1421 sertum,
1604 1352 1723 1410 quo
1762 1340 1937 1413 rapto
1977 1340 2042 1397 et
2078 1336 2394 1413 basiliscus

359 1441 743 1514 „concubuit‚
767 1514 774 1525 ι
798 1440 1016 1515 victus,
1073 1457 1190 1518 quo
1228 1444 1468 1501 mortuo
1526 1438 1695 1500 Peon
1750 1436 2010 1518 singulas
2062 1438 2282 1501 herbas
2332 1441 2399 1501 in

360 1562 513 1618 „ore
535 1543 729 1623 ipsius
757 1543 1028 1603 defuncti
1053 1544 1275 1622 posuit.
1332 1543 1608 1606 Tandem
1635 1547 1865 1622 pastor,
1906 1545 2172 1621 potentia
2195 1543 2395 1605 cuius-

360 1644 563 1721 ‚gdam
591 1646 768 1708 herbi
802 1652 1000 1708 tactus
1017 1691 1037 1723 ,
1093 1648 1488 1712 resuscitatus
1527 1651 1661 1721 est3
1707 1645 1869 1706 illam
1906 1645 2159 1706 herbam
2198 1645 2395 1708 consi-
2441 1712 2442 1715 Ἴ

361 1750 620 1826 „derans
665 1750 854 1812 multa
903 1750 1190 1811 miraoula
1234 1751 1408 1812 fecit.
1489 1751 1656 1811 Peon
1695 1768 1770 1809 ex
1809 1749 2024 1810 eadem
2062 1751 2255 1811 herba
2289 1769 2390 1811 sa-

361 1855 566 1929 „navit
599 1855 913 1935 Ypolitum
951 1856 1127 1929 (sic),
1178 1855 1341 1914 unde
1395 1852 1644 1915 Virbius
1693 1852 1888 1912 dictus
1928 1856 2039 1912 est.
2122 1852 2246 1914 Sed
2297 1852 2395 1913 Iu·-

333 1960 571 2039 ·„pite3
616 1959 737 2021 hoc
789 1959 1015 2034 videns,
1067 1956 1287 2018 invidia
1340 1961 1542 2017 motus
1562 2003 1581 2030 ‚
1633 1957 1832 2036 ipsum
1869 1955 2235 2034 fulminavit,
2278 1976 2396 2036 quo

360 2063 724 2136 „interfecto
765 2062 1004 2142 Apollo,
1040 2067 1215 2140 pater
1254 2061 1408 2133 eius,
1451 2060 1838 2140 Cyclopibus,
1871 2062 1974 2139 qui
2010 2059 2262 2121 fulmina
2299 2059 2395 2121 Io-

361 2167 490 2241 .,.,vis
531 2164 988 2240 fabricaverunt,
1027 2168 1284 2225 mortem
1321 2165 1431 2224 filii
1471 2166 1564 2223 sui
1600 2165 1932 2244 imputavit,
1974 2163 2263 2243 quosdam
2300 2164 2393 2224 in-
2459 2210 2462 2216 .

362 2270 708 2346 „terficiens
725 2314 745 2345 ,
805 2282 922 2350 qua
961 2268 1040 2329 de
1096 2286 1273 2329 causa
1329 2266 1556 2328 deitate
1613 2285 1721 2327 sua
1769 2268 2059 2347 spoliatus
2119 2273 2215 2328 est
2255 2274 2321 2329 et
2358 2286 2393 2327 a

363 2376 561 2450 ,,,Ιονο
600 2379 774 2452 patre
804 2392 933 2449 sue,
983 2374 1290 2453 relegatus
1331 2379 1456 2432 est·
1440 2414 1459 2445 ‚
1500 2373 1574 2432 ab
1603 2372 1865 2434 Admeto
1898 2390 2045 2453 rege
2074 2377 2393 2451 susceptus

365 2485 614 2560 „pastor
668 2480 797 2540 eius
835 2478 1033 2538 factus
1074 2474 1218 2536 est.’'

523 2583 617 2644 Ad
656 2602 731 2643 v.
755 2582 874 2643 215
916 2599 1089 2642 anon.
1132 2579 1265 2641 cod.
1309 2599 1387 2640 α·
1427 2577 1645 2655 ,,Νοῐιι,
1685 2584 1848 2658 quod
1887 2582 2131 2659 quidam
2172 2583 2395 2655 dicunt,

365 2685 568 2767 ..quod
605 2686 770 2746 idem
809 2691 905 2745 est
938 2685 1202 2745 Perseus
1244 2690 1306 2745 et
1345 2667 1777 2764 Bellerophon,
1819 2690 1881 2745 et
1919 2686 2005 2746 ita
2043 2705 2167 2747 non
2204 2687 2395 2748 varia-

366 2798 506 2866 „tur
544 2788 781 2851 fabula:
834 2790 945 2849 sed
985 2790 1202 2848 melius
1243 2788 1529 2864 dicamus,
1572 2789 1735 2866 quod
1782 2795 1992 2850 auctor
2035 2788 2183 2850 duas
2221 2788 2394 2852 fabu-

368 2892 497 2968 „las
532 2892 747 2971 tangit,
803 2891 882 2951 de
922 2891 1414 2971 Bellerophonte,
1469 2892 1572 2970 qui
1615 2891 1991 2955 Chimaeram
2032 2894 2273 2971 devicit,
2331 2903 2396 2956 et

369 2996 490 3071 „de
508 2995 754 3071 Perseo,
796 2995 900 3073 qui
924 2994 1242 3055 Medusam
1275 2992 1633 3056 interfecit.''
1714 2996 2003 3064 Similiter
2034 2991 2393 3059 Alexander.

528 3100 625 3160 Ad
662 3118 719 3162 v.
758 3100 877 3159 221
908 3131 986 3142 —
1013 3100 1092 3157 25
1131 3099 1507 3159 Alexandert
1588 3100 1918 3184 „Memnon
1956 3102 2020 3160 in
2061 3103 2219 3164 bello
2244 3102 2397 3165 Tro-

367 3203 546 3279 „iano
580 3201 935 3261 interfectus
976 3207 1072 3260 est
1111 3206 1175 3262 et
1213 3203 1276 3263 in
1317 3202 1556 3264 Retheo
1597 3204 1748 3279 (sic)
1789 3208 1998 3265 monte
2033 3204 2228 3262 mater
2267 3200 2395 3260 eius

369 3326 463 3383 ,,ε.
519 3307 756 3369 Aurora
795 3325 945 3365 eum¹
972 3304 1286 3385 sepelivit3
1346 3306 1507 3384 quod
1566 3311 1768 3367 autem
1823 3326 1963 3367 aves
2001 3306 2228 3365 festum
2266 3303 2396 3364 eius

371 3412 720 3488 „celebrant
772 3409 1020 3487 singulis
1059 3410 1228 3471 annis
1242 3453 1262 3484 ,
1319 3409 1468 3470 nihil
1507 3410 1669 3471 aliud
1710 3417 1805 3472 est
1841 3429 2019 3490 quam
2057 3410 2218 3485 quod
2256 3425 2397 3467 aves

372 3515 476 3588 ,,ἰιι
493 3514 597 3573 illo
621 3515 1031 3594 promontorio
1069 3513 1378 3576 nidificant
1413 3521 1481 3577 et
1512 3516 1852 3578 cantalenas
1885 3519 2190 3577 exercent.
2254 3510 2402 3572 Ful-

372 3619 644 3697 „gentius
683 3620 858 3681 aliter
899 3620 1098 3750 sentit,
1139 3618 1364 3694 dicens,
1399 3622 1586 3699 quod.
1628 3624 1863 3700 quando
1900 3625 2095 3681 mater
2120 3616 2397 3679 Memno·

409 3799 470 3861 ἵ)
505 3795 669 3847 Αιιοιι.
707 3797 818 3847 cod.
856 3816 914 3861 α,
947 3798 1042 3864 qui
1068 3802 1249 3850 narrat
1275 3797 1415 3850 haec
1441 3799 1633 3851 iisdem
1660 3799 1768 3849 fere
1795 3797 1992 3861 verbis,
2025 3798 2240 3860 habet,
2244 3793 2402 3859 ,Phe-

507 3882 670 3947 „sston
657 3881 689 3906 ”
726 3881 887 3934 etita
941 3883 1218 3952 Mythogr.
1252 3870 1369 3938 vat.
1403 3902 1454 3951 p.
1490 3882 1576 3947 37,
1610 3882 1696 3935 36.
1763 3882 1993 3964 „Apollo
2027 3898 2151 3935 cum
2182 3881 2401 3949 Clyme-

509 3982 610 4025 ‚ne
635 3966 933 4019 Phaetonta
960 3984 1002 4019 s.
1020 3967 1311 4022 Eridanum
1333 3968 1530 4021 dicitur
1551 3967 1816 4036 genuisse,
1852 3968 1945 4036 qui
1972 3964 2246 4022 suscitavit
2270 3965 2406 4033 Hip-

511 4050 772 4115 „politum
808 4051 1096 4105 occisum.'’
