2752 4620
2215 222 2314 296 25

283 394 688 503 „principales
738 417 1002 480 musicae
1038 416 1199 480 ,artis
1250 418 1295 483 i.
1336 437 1395 483 e.
1451 381 1875 498 dyatesseron,
1935 418 2314 501 dyapendiou

245 574 248 577 ,
282 523 487 601 „eta”
505 555 588 568 ——-
606 521 722 611 ,Ad
758 540 818 586 v.
859 523 939 580 37
977 516 1071 571 -’-.
1095 523 1178 581 40
1214 520 1554 583 Alexander
1594 522 1672 583 de
1705 521 1813 583 Sto
1850 518 2118 585 Albano:
2158 523 2313 601 „Sa-

279 634 554 715 ‚,turuu8‚
593 626 821 706 primus
861 625 1112 711 deorum
1137 630 1200 686 et
1227 625 1557 701 hominum,
1596 625 1659 686 in
1694 626 1887 686 insula
1928 630 2186 690 cretensi
2212 647 2313 690 re·

280 729 556 812 ‚‚gnavit‚
611 729 674 790 in
715 729 882 790 cuius
922 733 1194 808 tempore
1251 727 1491 789 saecula
1527 728 1755 791 fuerint
1797 750 2011 806 aurea,
2067 732 2172 811 qui
2207 752 2314 795 au-

251 838 445 925 ¹„tem
466 834 532 895 in
558 832 818 912 quadam
845 837 1025 894 nocte
1049 832 1380 907 somniavit,
1420 816 1538 917 vel,
1578 839 1651 894 ut
1674 833 1913 912 quidam
1944 836 2166 911 dicunt,
2207 857 2311 897 au-

279 936 478 1014 „divit
502 956 541 997 a
570 937 876 1017 responsis
907 936 1029 996 suis
1045 983 1065 1014 ‚
1106 956 1178 997 se
1202 918 1542 1015 geniturum
1582 937 1796 1015 filium,
1839 940 1939 1018 qui
1966 956 2035 1000 se
2053 920 2315 1020 expelle-

279 1045 467 1116 „reta
489 1058 673 1120 regno
691 1058 834 1114 suo;
873 1041 1185 1120 praecepit
1196 1058 1340 1119 ergo
1357 1039 1625 1120 Cybelae
1644 1042 1740 1103 vel
1770 1041 1908 1122 Opi,
1949 1044 2123 1129 mpori
2151 1063 2317 1122 suae,

279 1148 408 1221 „ut‚
468 1142 752 1223 quicquid
789 1152 1068 1223 pareret,
1124 1164 1327 1207 coram
1365 1164 1435 1205 se
1473 1145 1677 1206 venire
1713 1146 1968 1208 faceret.
2046 1146 2317 1209 Tandem

277 1247 745 1328 „pulcerrimum
783 1266 1042 1328 puerum
1079 1248 1319 1328 peperit
1358 1267 1410 1312 s,
1435 1247 1667 1336 Iovemj
1707 1253 1819 1311 sed
1844 1250 1998 1329 ipsa,
2051 1255 2319 1312 materna

277 1351 546 1432 „pietate
586 1356 778 1426 mota,
833 1351 1133 1435 albestum
1183 1350 1360 1428 (sic),
1414 1350 1459 1414 i.
1502 1371 1555 1411 e.
1596 1352 1896 1430 quoddam
1933 1373 2123 1432 genus
2162 1354 2317 1434 lapi-

277 1455 416 1532 „dis
430 1450 521 1533 *)‚
571 1455 786 1535 pannis
844 1455 1177 1516 involutum
1194 1499 1214 1531 .,
1276 1473 1481 1516 coram
1529 1454 1659 1517 viro
1717 1476 1827 1519 suo
1882 1457 2099 1537 apponi
2150 1455 2317 1534 fecit,

279 1578 500 1639 „quem
541 1559 833 1621 Saturnus
873 1558 1216 1622 devoravit.
1282 1557 1511 1638 Iupiter
1548 1562 1693 1622 vero
1734 1561 1974 1622 adultus
2016 1566 2079 1627 et
2121 1561 2181 1623 in
2209 1582 2317 1624 ne-

277 1683 489 1741 „more
543 1663 800 1742 quodam
857 1662 1122 1749 nutritus
1184 1663 1250 1723 in
1285 1666 1522 1743 patrem
1563 1664 1826 1725 surrexit
1865 1670 1927 1725 et
1966 1665 2025 1726 ei
2063 1666 2320 1728 testicu-

276 1769 411 1845 „los
436 1755 441 1759 ’
464 1767 823 1849 amputavit,
851 1839 859 1856 ι
883 1786 921 1827 e
976 1766 1189 1847 quibus
1227 1767 1290 1827 in
1339 1768 1490 1827 mari
1527 1769 1820 1849 proiectis
1862 1787 1938 1829 ex
1955 1769 2096 1830 -illis
2138 1777 2204 1830 et
2242 1788 2319 1831 ex

277 1873 552 1951 „spumis
590 1870 834 1931 marinis
871 1876 1011 1930 nata
1052 1876 1147 1930 est
1203 1868 1432 1934 Venus,
1513 1871 1737 1933 Postea
1789 1879 2027 1952 patrem
2068 1872 2315 1954 expulit,

277 1977 428 2053 „qui
463 1976 528 2037 in
570 1975 819 2045 Latium
860 1993 908 2035 s·
949 1975 1013 2036 in
1069 1974 1303 2036 Italiam
1357 1982 1678 2054 susceptus
1718 1982 1839 2052 est,
1898 1979 2060 2039 unde
2101 1977 2316 2038 dicitur

278 2080 559 2156 „Latium
596 2100 631 2140 a
670 2078 928 2141 Saturno
970 2079 1065 2140 ibi
1102 2079 1361 2154 latente,
1402 2081 1563 2141 unde
1601 2081 1665 2142 in
1699 2074 1934 2142 ‘Ovidio
1986 2080 2064 2142 de
2115 2064 2318 2143 Fastis

277 2182 404 2262 [lib.
443 2183 489 2258 1,
528 2201 588 2247 v.
629 2182 771 2261 238]
789 2204 808 2242 z
850 2181 1065 2257 „Dicta
1086 2199 1255 2258 quae
1293 2187 1391 2242 est
1427 2182 1666 2244 Latium
1681 2190 1858 2250 {terra
1877 2184 2098 2245 latente
2133 2181 2320 2245 Deo.'³
2426 2203 2428 2207 ¹
2488 2180 2493 2184 ’

175 2342 183 2351 .
275 2285 534 2363 „Docuit
586 2290 787 2347 autem
839 2285 924 2346 ibi
962 2302 1137 2345 usum
1175 2283 1314 2343 vitis
1355 2291 1421 2345 et
1458 2287 1879 2367 agriculturam
1931 2285 2072 2347 Iano
2088 2332 2108 2363 ,
2189 2285 2316 2348 filio

279 2389 454 2466 „Pici
468 2433 488 2464 ,
545 2390 646 2468 qui
698 2390 859 2449 filius
901 2394 1032 2450 erat
1088 2388 1278 2476 Fauni
1317 2395 1382 2450 et
1418 2390 1561 2452 Iliae
1602 2396 1664 2451 et
1701 2396 1980 2470 tanquam
2018 2391 2168 2452 deus
2205 2390 2315 2452 ha·-

277 2489 626 2571 ‚‚bebatur.”
709 2492 993 2554 Similiter
1031 2511 1362 2571 anonymus
1402 2495 1627 2556 codicis
1668 2516 1729 2557 α.

442 2598 539 2659 Ad
574 2616 631 2662 v.
674 2600 753 2657 39
789 2616 959 2658 anon.
1003 2596 1136 2657 cod.
1181 2615 1257 2657 a:
1299 2595 1469 2673 „Sed
1507 2600 1626 2660 hoc
1666 2604 1900 2678 gratum
1940 2597 2016 2658 ad
2054 2597 2315 2659 fabulam
2410 2669 2416 2676 ‚

276 2700 559 2777 „dicitur‚
600 2700 745 2777 quia‘
784 2699 1086 2781 Cognatus
1126 2699 1281 2775 (sic)
1322 2702 1527 2780 genuit
1565 2695 1802 2764 Belum.
1881 2700 2066 2762 Belus
2107 2700 2316 2782 genuit

279 2802 592 2879 „Stertem
607 2843 626 2871 ,
677 2805 840 2890 unde
880 2803 1114 2864 Stertus
1157 2803 1395 2880 dicitur,
1437 2807 1542 2884 qui
1580 2804 1817 2867 Stertes
1856 2804 2051 2885 primo
2076 2805 2315 2867 invenit

278 2926 500 2983 „usum
542 2907 970 2969 stercoricandi
1009 2927 1206 2989 agros.
1222 2899 1322 2984 **)
1381 2907 1521 2968 Hoc
1559 2912 1812 2969 testatur
1852 2904 2214 2990 Augustinus
2251 2909 2314 2971 in

276 3010 478 3089 „libro
528 3012 608 3072 de
660 3012 901 3072 civitate
978 3011 1111 3072 Dei.
1210 3009 1443 3071 Stertes
1495 3009 1706 3090 genuit
1778 3010 2008 3073 (lelium
2022 3057 2042 3088 ‚
2112 3013 2313 3073 Celius

278 3114 532 3194 „genuit
572 3115 914 3192 Saturnum,
954 3115 1245 3176 Saturnus
1290 3112 1493 3172 Iovem
1549 3152 1929 3174 .......
1972 3112 2314 3198 Secundum

279 3218 559 3295 „fabulas
601 3216 822 3278 dicitur
861 3223 923 3279 et
960 3237 1080 3281 uon
1137 3215 1468 3278 secundum
1510 3215 1885 3295 genologiam
1938 3215 2112 3291 (sic)
2144 3238 2200 3296 q.
2253 3218 2312 3278 d.

278 3323 615 3399 „Saturnus
654 3341 772 3384 nou
809 3321 1020 3385 habuit
1057 3327 1313 3401 patrem,
1355 3325 1420 3380 et
1455 3320 1575 3379 hoc
1616 3324 1712 3380 est
1750 3318 1988 3393 falsum,
2026 3320 2167 3397 quia
2205 3338 2311 3382 uos

318 3552 384 3620 ἣν)
418 3552 694 3621 Mythogr.
736 3551 853 3606 Vae.
895 3535 1036 3604 eam.
1066 3551 1130 3604 e.
1160 3551 1235 3605 Η.
1258 3552 1409 3606 anae
1433 3550 1624 3619 (coms
1650 3550 1807 3605 1834.
1854 3548 1932 3617 8.)
1969 3566 2020 3616 p.
2049 3547 2170 3616 256,
2200 3550 2313 3606 17..

415 3637 696 3705 „Tandem
728 3642 865 3691 nato·
884 3637 1009 3689 Iove
1038 3635 1209 3690 mirae
1245 3636 1688 3705 pulchritudiuis,
1730 3635 1897 3705 ipsius
1916 3632 2145 3689 miserta
2161 3674 2176 3700 ,
2212 3637 2317 3690 mi-

418 3720 530 3797 „sit
541 3722 770 3775 Saturno
794 3718 1030 3791 lapidem
1042 3721 1257 3794 nomine
1282 3723 1555 3791 ABIDIR,
1583 3739 1743 3790 quem
1753 3721 2088 3789 pulveratum
2099 3720 2318 3791 devora?

419 3805 590 3872 „vin”
621 3808 688 3861 cf.
715 3806 882 3859 Prisc.
911 3806 962 3877 5,
987 3826 1040 3877 p.
1069 3806 1192 3871 647,
1217 3806 1301 3860 47.
1329 3807 1451 3873 689,
1480 3808 1549 3861 45
1577 3813 1630 3859 et
1658 3805 1774 3868 747,
1799 3804 1884 3857 14.
1923 3805 2019 3857 Gr.
2036 3806 2311 3876 βαίτυλος.

287 3890 387 3960 ⁸²⁶³⁶)
420 3892 664 3945 Smacns
698 3894 953 3959 praebent
988 3892 1150 3947 MSS.
1190 3908 1274 3961 ap.
1309 3892 1499 3951 Isidor.
1527 3892 1719 3961 Origg.
1742 3889 1829 3955 17,
1853 3889 1906 3955 2,
1931 3888 1983 3943 3.
2017 3895 2071 3943 et
2101 3891 2313 3944 Glossa-

421 3975 501 4029 ria
525 3976 733 4048 Regiae
761 3977 899 4032 bibl.
965 3978 1045 4029 De
1082 3978 1370 4031 S'rssncu‘ro
1398 3975 1791 4032 stercorationis
1805 3973 2081 4031 inventore
2103 3992 2153 4027 v.
2179 3974 2308 4029 ibid.

422 4076 534 4128 cap.
558 4062 612 4130 1,
637 4064 688 4130 ς.
709 4060 762 4117 3.
785 4068 840 4118 et
866 4060 1004 4117 Plin.
1030 4062 1172 4118 Hist.
1199 4062 1318 4117 Nat.
1341 4061 1428 4129 17,
1459 4063 1511 4117 9.
